2421 3529
211 827 319 851 miseri-

210 861 324 885 c(›r(lie.¹

210 1391 219 1422 j
235 1398 341 1416 marca.

211 1458 318 1482 miferi-

213 1493 316 1516 cordia.

213 1600 317 1623 miseri-

213 1633 318 1658 cordia.

212 2017 336 2046 quietus.

451 213 511 259 15
705 223 1011 259 SELECTIONS
1047 224 1185 258 FROM
1222 223 1325 257 THE
1361 223 1552 257 FOREST
1589 223 1725 256 EYRE
1762 223 1921 257 ROLLs

447 337 671 391 aquietare
714 337 765 378 de
794 337 868 378 illa
901 337 1162 391 suspicione,
1196 336 1299 378 dicit
1332 337 1447 390 quod
1479 350 1555 389 per
1589 335 1840 377 forestarios
1873 335 2104 377 viridarios
2136 338 2178 378 et

446 409 635 460 quatuor
657 406 831 448 villatas
854 406 1202 460 propinquiores.
1266 405 1349 457 Qui
1372 405 1523 447 dicunt
1546 419 1675 458 super
1700 408 2024 446 sacramentum
2049 419 2178 446 suum

446 477 560 530 quod
581 491 669 518 non
693 479 758 518 est
781 477 1008 530 culpabilis
1033 477 1084 517 de
1110 476 1256 529 aliquo
1278 476 1510 517 malefacto
1532 476 1578 516 in
1602 475 1778 516 foresta.
1845 476 1906 517 Et
1929 475 2031 529 quia
2062 475 2178 516 idem

449 547 674 589 Galfridus
697 561 785 587 non
809 547 929 587 venit
952 546 1093 600 primo
1116 546 1198 595 die,
1225 547 1266 586 et
1290 545 1373 586 fuit
1406 544 1675 586 attachiatus
1707 559 1783 598 per
1809 545 2046 598 Symonem
2069 545 2177 586 Man

446 617 497 657 (16
543 616 784 670 Syhetorp’,
828 616 1097 657 Willelmum
1129 615 1236 656 Man
1279 614 1460 655 fratrem
1503 614 1596 655 eius
1638 614 1690 655 de
1732 614 1899 663 eadem,
1934 614 2179 655 Iohannem

446 685 725 726 forestarium
779 685 830 726 de
872 684 1038 734 eadem,
1072 684 1340 726 Willelmum
1388 683 1440 724 de
1481 683 1604 725 Well'
1648 683 1700 724 de
1742 683 1906 732 eadem,
1941 683 2179 725 Ricardum

446 754 662 808 Gamelyn
695 754 745 795 de
778 754 931 796 eadem
963 757 1005 796 et
1037 754 1282 796 Walterum
1314 753 1408 794 Buc
1441 753 1493 794 de
1530 752 1769 802 Elincton’,
1808 752 1905 794 ideo
1942 767 2094 795 omnes
2131 752 2178 793 in

445 823 757 865 misericordia.

534 893 845 934 Presentatum
878 895 943 934 est
979 907 1056 946 per
1092 891 1345 934 forestarios
1388 894 1430 934 et
1472 891 1702 932 viridarios
1740 891 1853 944 quod
1889 891 1986 932 die2
2020 890 2178 932 Martis

445 962 642 1016 proxima
682 964 780 1016 post
823 963 1019 1004 clausam
1063 961 1230 1003 Pasche
1273 975 1389 1002 anno
1424 960 1645 1002 tricesimo
1681 974 1798 1001 nono
1832 959 1948 1002 circa
1984 960 2175 1001 mediam

446 1034 619 1073 noctem
642 1035 731 1073 tres
754 1032 1055 1073 malefactores
1079 1031 1219 1084 ignoti
1250 1032 1467 1072 venerunt
1500 1029 1617 1083 apud
1652 1030 1839 1083 Sappell’
1865 1044 1965 1070 cum
1988 1029 2177 1071 arcubus

448 1102 490 1142 et
513 1101 686 1154 sagittis
709 1104 751 1142 et
778 1101 948 1142 duobus
980 1100 1208 1154 leporariis
1243 1113 1350 1153 quos
1388 1099 1685 1153 permiserunt
1719 1112 1870 1140 curere
1908 1099 1962 1140 ad
1999 1098 2177 1140 bestias.

447 1171 507 1211 Et
547 1170 765 1212 forestarii
808 1172 1018 1223 ceperunt
1054 1169 1192 1210 dictos
1228 1168 1465 1221 leporarios
1507 1170 1549 1209 et
1594 1167 1810 1208 miserunt
1853 1167 2030 1209 domino
2071 1167 2177 1221 regi.

447 1239 685 1293 Inquisicio
708 1240 823 1280 facta
847 1239 921 1292 qui
954 1241 1100 1280 essent
1133 1238 1218 1291 ipsi
1249 1238 1553 1279 malefactores
1585 1250 1660 1290 per
1693 1237 1868 1277 villatas
1900 1237 1952 1278 de
1984 1237 2175 1290 Rypton’

449 1310 578 1363 Regis
604 1310 740 1360 (alibi)
768 1312 809 1351 et
832 1309 1024 1362 Bypton'
1043 1308 1226 1349 Abbatis
1250 1307 1402 1359 (alibi),
1420 1306 1624 1347 Herford'
1649 1305 1802 1356 (alibi),
1820 1306 1964 1347 Parua
1989 1305 2178 1347 Stiuecle

452 1379 480 1432 (j
505 1382 689 1429 marca),
713 1378 787 1432 qui
809 1378 946 1419 nichil
968 1377 1069 1418 inde
1092 1378 1332 1431 potuerunt
1355 1375 1588 1429 inquirere.
1649 1375 1710 1416 Et
1733 1375 1834 1428 quia
1856 1389 1945 1416 non
1962 1377 2178 1416 venerunt

448 1448 641 1501 plenarie
683 1448 737 1488 ad
780 1447 1108 1500 inquirendum,
1153 1445 1250 1487 ideo
1291 1445 1337 1486 in
1379 1444 1694 1486 misericordia.
1765 1444 1827 1485 Et
1869 1443 1972 1497 quia
2013 1444 2177 1497 Magna

451 1517 639 1559 Stiuecle
687 1517 820 1568 (alibi)
867 1530 956 1557 non
994 1515 1114 1557 venit
1147 1529 1294 1556 coram
1326 1513 1568 1556 iusticiario
1614 1513 1667 1555 ad
1706 1512 2042 1567 inquisicionem
2076 1513 2177 1555 inde

448 1587 709 1637 faciendam,
734 1587 829 1628 ideo
852 1586 897 1627 in
920 1585 1234 1626 misericordia.

535 1657 844 1698 Presentatum
868 1658 933 1697 est
955 1670 1030 1710 per
1054 1654 1304 1696 forestarios
1337 1653 1451 1707 quod
1472 1653 1718 1696 Willelmus
1743 1653 1795 1694 de
1821 1652 2006 1695 Boleuil’
2040 1653 2174 1694 habet

446 1726 683 1780 leporarios
705 1726 820 1767 infra
842 1728 983 1766 metas
1006 1725 1164 1766 foreste
1198 1724 1291 1765 sine
1323 1723 1517 1764 licencia.
1581 1723 1664 1775 Qui
1696 1722 1814 1764 venit
1847 1725 1889 1764 et
1922 1722 2027 1764 dicit
2060 1722 2175 1776 quod

446 1797 589 1837 nullos
611 1796 744 1837 habet
767 1809 844 1836 nec
866 1794 1021 1835 habuit
1046 1796 1087 1835 et
1110 1794 1162 1834 de
1184 1793 1265 1835 hoc
1286 1793 1410 1847 ponit
1435 1806 1478 1834 se
1502 1807 1631 1846 super
1661 1792 1891 1834 viridarios
1914 1795 1955 1834 et
1988 1795 2176 1846 quatuor

445 1865 634 1913 villatas,
652 1864 828 1913 scilicet,
850 1864 1070 1913 Pacston'‚
1090 1862 1356 1912 Toleslund’,
1377 1862 1539 1904 Offord⁷
1560 1864 1601 1903 et
1626 1862 1911 1912 Gomecestr’,
1928 1862 2002 1915 qui
2024 1862 2176 1904 dicunt

446 1935 560 1988 quod
595 1935 736 1976 dictus
768 1934 1011 1976 Willelmus
1043 1933 1187 1974 nullos
1229 1932 1362 1973 habet
1395 1945 1473 1972 nec
1505 1931 1662 1973 habuit
1693 1931 1960 1985 leporar10s3
2006 1934 2048 1973 et
2079 1931 2176 1973 ideo

446 2004 547 2045 inde
570 2004 759 2057 quietus.

535 2074 843 2115 Presentatum
867 2072 949 2113 fuit
976 2086 1051 2126 per
1074 2071 1377 2125 regardatores
1400 2084 1547 2112 coram
1569 2069 1766 2111 Ernaldo
1781 2070 1796 2093 3
1819 2069 1870 2111 (16
1892 2070 2044 2119 Bosco,
2069 2071 2175 2112 tunc

446 2143 687 2185 iusticiario
720 2144 893 2188 foreste,
930 2142 1043 2196 quod
1079 2141 1325 2183 Willelmus
1361 2141 1548 2184 Cardon’
1592 2140 1748 2181 habuit
1785 2140 2023 2193 leporarios
2059 2139 2176 2182 infra

445 2216 586 2255 metas
610 2215 768 2255 foreste
792 2213 885 2253 sine
907 2211 1101 2253 licencia.
1165 2210 1248 2263 Qui
1269 2211 1388 2252 venit
1411 2213 1452 2252 et
1476 2210 1670 2252 defendit
1693 2211 1735 2250 et
1759 2209 1862 2250 dicit
1895 2209 2009 2263 quod
2031 2210 2175 2251 nullos

444 2284 577 2325 habet
610 2297 688 2324 nec
710 2283 893 2331 habuit3
928 2284 969 2323 et
1003 2282 1055 2323 de
1087 2281 1168 2323 hoc
1200 2280 1325 2335 ponit
1359 2294 1403 2321 se
1433 2294 1564 2333 super
1594 2278 1846 2320 forestarios
1869 2278 2100 2320 viridarios
2132 2281 2175 2320 et

445 2355 632 2406 quatuor
654 2352 827 2394 villatas
857 2350 1204 2405 propinquioreS,
1230 2349 1304 2403 qui
1337 2349 1488 2390 dicunt
1523 2348 1637 2402 quod
1671 2347 1812 2389 dictus
1834 2347 2076 2389 Willelmus
2110 2349 2176 2389 est

444 2422 638 2463 residens
656 2422 701 2462 in
716 2422 927 2463 comitatu
952 2421 1181 2462 Norhamt'
1201 2419 1316 2460 infra
1338 2418 1616 2468 11116111116111,4
1636 2420 1678 2459 61
1701 2417 1761 2458 ibi
1782 2417 1914 2458 habet
1937 2416 2175 2470 leporarios

444 2505 544 2531 cum
577 2491 734 2544 quibus
766 2491 1009 2532 Willelmus
1043 2489 1206 2530 Brond’
1242 2490 1284 2529 et
1319 2488 1544 2530 Gilbertus
1579 2487 1630 2528 de
1662 2487 1806 2539 Yslep’
1842 2485 2043 2527 homines
2070 2485 2176 2527 dicti

443 2560 649 2602 willelmi
672 2562 713 2601 et
736 2560 981 2601 Willelmus
1005 2558 1192 2600 Cardon'
1217 2557 1333 2598 filius
1357 2557 1449 2598 eius
1473 2558 1763 2598 cuccurerunt
1786 2555 1831 2596 in
1853 2555 1938 2596 isto
1960 2555 2174 2596 comitatu

444 2629 560 2670 infra
594 2629 801 2670 forestam
841 2630 881 2668 et
924 2628 1091 2681 lepores
1127 2629 1352 2680 ceperunt.
1426 2626 1486 2666 Et
1521 2625 1665 2667 dictus
1702 2625 1947 2667 Willelmus
1985 2624 2171 2666 Cardon’

444 2698 563 2740 venit
584 2714 593 2748 ;
627 2701 670 2740 et
683 2698 928 2741 Willelmus
950 2696 1067 2738 filius
1091 2696 1198 2746 eius,
1219 2695 1444 2738 Gilbertus
1467 2695 1518 2735 de
1536 2695 1680 2748 Yslep’
1706 2697 1748 2736 et
1763 2693 2007 2735 Willelmus
2022 2692 2172 2735 Brond

489 2817 496 2834 ¹
524 2815 608 2846 This
632 2814 721 2846 word
746 2813 775 2845 is
800 2813 917 2845 erased
950 2812 1018 2844 and
1049 2811 1204 2843 followed
1236 2811 1280 2852 by
1348 2811 1382 2842 of
1411 2821 1430 2842 a
1456 2810 1590 2842 district
1617 2809 1653 2841 in
1677 2810 1789 2841 which
1814 2820 1834 2841 a
1859 2809 1992 2850 subject
2019 2808 2088 2840 had
2113 2808 2172 2840 the

443 2866 449 2878 ⁶
464 2860 545 2900 quia
560 2859 718 2890 homines
735 2858 869 2889 abbatis
886 2857 926 2888 de
944 2858 1104 2888 Rames'.’
1347 2855 1439 2895 right
1457 2856 1491 2886 of
1515 2854 1704 2894 exercising
1722 2854 1851 2885 certain
1868 2853 1964 2894 royal
1980 2853 2170 2893 privileges,

487 2906 498 2923 ²
523 2905 542 2936 6
559 2904 655 2943 April
672 2904 767 2934 1255.
1347 2909 1457 2930 seems
1488 2903 1523 2929 to
1555 2898 1642 2929 have
1675 2898 1902 2937 occasionally
1929 2897 2074 2928 denoted
2106 2907 2172 2937 any

486 2950 498 2966 ³
521 2947 651 2978 Arnold
678 2947 718 2978 de
746 2945 829 2977 Bois
846 2955 914 2976 was
939 2943 1127 2984 appointed
1152 2942 1276 2983 justice
1347 2943 1429 2974 land
1446 2945 1506 2973 not
1524 2943 1658 2982 subject
1675 2946 1710 2973 to
1727 2942 1786 2973 the
1803 2943 1908 2972 forest
1926 2941 2000 2971 law.
2040 2941 2084 2971 At
2100 2940 2171 2971 this

441 2993 476 3024 of
502 2992 561 3023 the
579 2993 683 3022 forest
700 2990 802 3021 south
821 2990 855 3020 of
883 2989 941 3020 1116
960 2989 1064 3019 'frent
1088 2988 1130 3028 by
1155 2990 1272 3018 letters
1346 2987 1429 3018 time
1460 2986 1556 3017 there
1588 2996 1656 3017 was
1688 2996 1782 3016 more
1813 2987 1847 3016 of
1886 2985 2052 3016 ·foresta’
2085 2984 2170 3015 than

442 3040 562 3076 patent
580 3035 680 3066 dated
700 3036 739 3065 16
756 3034 930 3073 February
949 3032 1044 3074 125}
1071 3032 1132 3063 See
1146 3032 1271 3062 Patent
1340 3031 1502 3062 ‘libertas
1518 3032 1525 3043 '
1543 3030 1580 3060 in
1603 3030 1662 3061 the
1687 3033 1813 3070 county
1841 3029 1876 3061 of
1902 3029 2170 3068 Northampton.

441 3080 518 3111 Roll
538 3081 589 3114 (52,
607 3079 732 3109 memb.
752 3079 802 3108 16.
1340 3075 1402 3106 See
1421 3074 1492 3106 also
1510 3084 1540 3113 p.
1560 3075 1611 3104 44.

522 3123 595 3155 The
614 3123 703 3154 word
722 3122 904 3157 ‘libertas‘
920 3119 1052 3151 besides
1069 3119 1169 3158 being
1187 3117 1269 3150 used
