2421 3529
544 247 663 293 lxxx
1224 257 1605 293 INTRonuorioN

1137 439 1203 473 De
1227 439 1461 474 ueteribus
1486 438 1683 473 assartis.

624 526 738 565 Elias
767 527 813 565 de
845 526 989 566 Stanes
1019 528 1128 564 tenet
1156 525 1364 564 dimidiam
1384 538 1518 564 acram
1538 525 1686 563 ueteris
1706 524 1849 563 assarti

703 587 953 625 inbladatam
972 590 1032 625 ter
1052 587 1099 625 de
1118 586 1323 635 iuernagio
1343 588 1382 624 et
1402 588 1462 624 ter
1483 586 1529 624 de
1549 586 1737 624 tremesio
1841 614 1849 624 .
1923 585 1948 635 ij
1966 598 1984 624 5
2039 586 2079 636 iij
2099 587 2124 625 d

625 648 685 685 De
707 647 909 685 Willelmo
931 647 1075 686 Corbet
1104 659 1173 695 pro
1208 659 1290 684 una
1324 659 1415 685 acra
1449 646 1597 684 ueteris
1631 647 1776 684 assarti
1809 646 1852 684 in

706 707 936 746 Schaldesle
956 711 1000 745 ut
1026 707 1137 756 prius
1245 736 1253 745 .
1366 736 1372 744 .
1485 736 1492 745 .
1604 736 1612 745 .
1724 736 1732 745 .
1842 735 1852 746 .
1893 706 1948 757 iiij
1966 718 1984 745 5
2047 707 2083 755 vj
2100 707 2127 745 d

624 769 684 806 De
705 768 878 806 Isabella
898 768 945 806 de
966 767 1095 805 Bosco
1114 779 1185 816 pro
1206 767 1373 804 dimidia
1407 779 1500 805 acra
1530 767 1677 805 ueteris
1707 767 1853 805 assarti

703 828 851 866 ibidem
873 828 1011 866 eodem
1031 828 1150 865 modo
1170 826 1376 865 inbladata
1490 856 1498 865 .
1609 856 1616 865 .
1727 856 1735 865 .
1847 856 1855 866 .
1928 827 1953 877 ij
1972 840 1990 866 5
2043 827 2084 877 iij
2101 827 2127 865 d

624 888 684 927 De
705 888 880 926 Roberto
901 888 937 926 15
957 888 1128 926 Pi‘ouost
1148 889 1195 926 de
1217 888 1410 926 Chadesle
1430 900 1500 936 pro
1529 887 1721 926 uicesima
1740 890 1852 937 parte

704 948 823 986 unius
843 961 931 986 acre
950 948 1098 986 ibidem
1119 948 1258 986 eodem
1278 948 1396 986 modo
1416 947 1624 986 inbladata
1723 977 1731 986 .
1842 978 1850 987 .
2056 949 2083 999 ij
2099 948 2124 986 d
2143 948 2193 987 ob

625 1010 686 1048 De
702 1010 905 1048 Willehno
926 1009 1058 1048 Dobes
1079 1022 1149 1058 pro
1165 1009 1443 1048 inbladacione
1463 1008 1625 1047 dimidie
1641 1022 1730 1048 acre
1746 1009 1852 1059 apud

702 1069 1021 1120 Cutbaldesheye
1041 1069 1245 1108 inbladate
1266 1072 1311 1109 ut
1330 1070 1441 1119 prius
1483 1099 1490 1107 .
1602 1099 1610 1108 .
1722 1099 1730 1108 .
1843 1099 1851 1108 .
1924 1070 1949 1120 ij
1967 1082 1985 1108 5
2040 1070 2081 1119 iij
2098 1071 2123 1108 d

630 1179 946 1231 Purprestures
979 1191 1052 1219 are
1085 1177 1189 1219 thus
1222 1177 1449 1231 explained
1471 1178 1528 1233 by
1560 1178 1635 1220 the
1668 1178 1827 1221 author
1860 1179 1906 1221 of
1942 1183 1951 1201 ‘
1971 1178 2182 1233 Dialogus
2215 1180 2268 1222 de

547 1247 773 1291 Scaccario
791 1249 798 1263 ’
818 1247 827 1270 1
851 1263 859 1288 z

621 1338 687 1376 Fit
702 1338 906 1376 interdum
919 1350 988 1387 per
1004 1337 1292 1387 negligentiam
1307 1337 1556 1377 uicecomitis
1576 1337 1641 1375 uel
1661 1338 1746 1376 eius
1762 1337 2051 1384 ministrorum,
2068 1338 2134 1375 uel
2150 1339 2272 1377 etiam

540 1412 609 1449 per
647 1399 925 1438 continuatam
964 1399 1006 1436 in
1044 1398 1165 1448 longa
1195 1401 1376 1448 tempora
1414 1398 1600 1437 bellicam
1634 1400 1931 1447 tempestatem,
1966 1402 2010 1436 ut
2041 1399 2273 1438 habitantes

537 1473 658 1509 prope
705 1460 850 1498 fundos
898 1459 965 1508 qui
1006 1472 1149 1497 corone
1187 1459 1506 1496 annominantur
1540 1458 1718 1507 aliquam
1757 1471 1895 1497 eorum
1933 1458 2159 1508 portionem
2197 1460 2274 1498 sibi

540 1523 734 1570 usurpent
755 1522 793 1559 et
814 1520 896 1558 suis
916 1519 1237 1568 possessionibus
1259 1519 1476 1558 ascribant.
1535 1519 1637 1558 Cum
1658 1522 1792 1558 autem
1812 1519 2104 1569 perlustrantes
2123 1519 2274 1560 iudices

538 1595 607 1632 per
628 1584 928 1621 sacramentum
948 1581 1223 1630 legitimorum
1244 1580 1422 1619 uirorum
1443 1581 1517 1619 hec
1546 1580 1882 1630 deprehenderint
1905 1593 2084 1619 seorsum
2113 1594 2136 1619 a
2156 1581 2274 1620 firma

537 1643 753 1681 comitatus
786 1641 1066 1692 appretiantur
1097 1645 1136 1679 et
1169 1641 1474 1679 uicecomitibus
1508 1641 1724 1679 traduntur
1754 1644 1799 1679 ut
1830 1641 1877 1679 de
1908 1640 2059 1679 eisdem
2093 1654 2273 1680 seorsum

540 1703 831 1752 respondeant;
863 1704 902 1740 et
921 1701 995 1740 1155
1015 1701 1185 1740 dicimus
1218 1704 1499 1750 purpresturas
1532 1701 1597 1740 uel
1627 1704 1846 1751 occupata;
1879 1714 1955 1750 que
1985 1701 2147 1751 quidem
2180 1715 2272 1741 cum

537 1764 903 1812 deprehenduntur,
925 1776 947 1801 a
966 1762 1260 1811 possessoribus
1282 1763 1384 1801 sicut
1403 1763 1627 1812 predictum
1648 1766 1708 1801 est
1727 1763 1926 1801 tolluntur
1947 1765 1986 1801 et
2005 1762 2154 1802 abhinc
2174 1764 2271 1802 fisco

538 1824 699 1862 cedunt.
757 1823 910 1861 Uerum
931 1823 964 1861 si
983 1823 1018 1861 is
1038 1835 1060 1860 a
1081 1835 1158 1872 quo
1180 1823 1334 1861 tollitur
1353 1825 1593 1871 occupatum
1622 1825 1762 1861 auctor
1790 1825 1850 1861 est
1878 1822 1987 1869 facti,
2009 1823 2129 1862 simul
2149 1824 2272 1863 etiam

537 1884 617 1922 nisi
638 1897 706 1922 rex
727 1883 761 1922 ei
782 1883 1015 1932 pepercerit,
1037 1882 1306 1932 pecuniariter
1334 1883 1572 1932 grauissime
1601 1883 1792 1932 punietur
1810 1896 1818 1929 ;
1850 1884 1956 1932 quod
1976 1883 2009 1921 si
2029 1896 2112 1922 non
2132 1888 2272 1923 auctor

538 1945 607 1984 sed
626 1945 741 1983 heres
761 1944 934 1982 auctoris
953 1943 1086 1990 fuerit,
1109 1943 1159 1982 ad
1179 1956 1325 1993 penam
1347 1943 1492 1982 sufficit
1512 1943 1629 1981 fundi
1648 1944 1826 1983 eiusdem
1848 1944 1932 1982 sola
1951 1945 2166 1984 reuocatio.
2205 1946 2271 1984 Ex

538 2019 616 2055 quo
651 2018 758 2051 sane,
790 2005 893 2044 sicut
930 2017 978 2043 ex
1016 2004 1104 2043 aliis
1138 2004 1333 2054 pluribus,
1368 2004 1472 2054 regis
1509 2005 1782 2043 misericordia
1819 2005 2124 2054 comprobatur;
2173 2007 2270 2045 dum

535 2067 662 2116 patris
700 2070 784 2104 tam
818 2065 993 2105 enormis
1024 2078 1208 2104 excessus
1239 2078 1321 2104 non
1353 2065 1521 2115 punitur
1550 2065 1593 2103 in
1631 2066 1726 2113 filio,
1765 2066 1834 2116 qui
1871 2079 1996 2117 usque
2034 2066 2084 2105 ad
2120 2067 2271 2107 factam

536 2128 843 2178 inquisitionem
862 2127 1020 2177 publice
1041 2127 1253 2176 potestatis
1272 2127 1426 2165 iactura
1446 2125 1652 2165 ditabitur.

625 2248 676 2288 In
700 2246 789 2288 this
812 2260 995 2300 passage
1026 2245 1060 2288 it
1083 2245 1120 2287 is
1152 2246 1266 2288 clear
1303 2246 1402 2288 that
1439 2246 1514 2287 the
1553 2246 1669 2287 word
1707 2249 1990 2300 purpresture
2024 2249 2175 2290 meant
2212 2262 2269 2290 an

537 2316 876 2358 encroachment
899 2329 955 2356 on
978 2315 1052 2356 the
1074 2315 1218 2368 king's
1241 2315 1470 2357 demesnes
1502 2315 1559 2369 by
1581 2315 1657 2357 the
1688 2315 1899 2357 unlawful
1934 2317 2192 2370 occupation
2227 2318 2274 2359 of

536 2385 640 2427 land
658 2400 666 2434 ;
701 2385 780 2426 but
803 2384 848 2425 in
871 2385 945 2426 the
968 2385 1100 2426 forest
1123 2384 1204 2426 law
1226 2383 1259 2425 it
1282 2398 1369 2426 was
1392 2385 1498 2425 used
1521 2386 1566 2426 to
1593 2384 1755 2438 signify
1777 2398 1834 2426 an
1867 2385 2205 2427 encroachment
2227 2387 2274 2428 of

538 2469 626 2508 any
648 2456 738 2495 sort
770 2467 888 2507 upon
922 2454 996 2495 the
1029 2454 1176 2494 forest.
1241 2453 1374 2503 Thus,
1398 2452 1432 2494 it
1455 2467 1542 2495 was
1572 2467 1598 2495 a
1631 2456 1915 2507 purpresture
1950 2456 1995 2496 to
2034 2455 2212 2508 enlarge
2244 2469 2269 2497 a

539 2523 749 2576 curtilage
763 2522 809 2563 in
832 2522 906 2563 the
929 2523 1076 2572 forest,
1095 2535 1202 2563 even
1217 2522 1387 2575 though
1409 2522 1484 2563 the
1507 2522 1611 2564 land
1629 2522 1938 2576 appropriated
1960 2537 2047 2565 was
2070 2526 2147 2565 not
2169 2527 2269 2577 part

540 2592 585 2633 of
615 2592 689 2633 the
710 2590 853 2644 king’s
886 2590 1116 2640 demesne3
1155 2604 1202 2632 or
1225 2593 1269 2632 to
1302 2593 1416 2632 erect
1440 2605 1465 2632 a
1487 2591 1581 2631 mill
1613 2604 1660 2633 or
1692 2591 1819 2633 make
1842 2605 1867 2633 a
1889 2591 2093 2646 fishpond
2116 2593 2269 2634 within

540 2661 616 2702 the
648 2662 806 2701 covert.
872 2660 942 2708 So,
970 2661 1054 2708 too,
1079 2658 1112 2700 it
1136 2673 1222 2701 was
1246 2673 1271 2701 a
1297 2662 1581 2713 purpresture
1604 2659 1637 2700 if
1658 2673 1684 2702 a
1705 2662 1861 2702 tenant
1894 2661 1939 2702 of
1967 2661 2094 2703 lands
2116 2661 2269 2703 within

541 2743 566 2770 a
599 2730 732 2771 forest
767 2728 967 2769 enclosed
1000 2742 1087 2782 any
1124 2730 1224 2782 part
1257 2729 1303 2770 of
1336 2729 1459 2770 them
1491 2728 1595 2770 with
1631 2743 1656 2770 a
1685 2729 1823 2782 hedge
1861 2730 1947 2771 and
1983 2730 2102 2771 ditch
2144 2731 2269 2772 with-

542 2799 619 2839 out
656 2798 731 2838 the
768 2797 910 2850 king’s
947 2797 1122 2838 licence.
1197 2797 1250 2838 In
1294 2797 1416 2839 these
1448 2811 1568 2839 cases
1600 2797 1675 2839 the
1707 2797 1899 2840 offender
1936 2812 2022 2840 was
2070 2800 2269 2841 amerced

540 2867 586 2908 in
609 2867 684 2908 the
706 2867 840 2907 forest
869 2879 983 2919 eyre,
1008 2865 1095 2907 and
1128 2879 1185 2907 an
1207 2865 1334 2907 order
1356 2880 1443 2907 was
1466 2865 1593 2919 given
1628 2866 1726 2908 that
1764 2867 1838 2908 the
1873 2867 2095 2921 enclosing
2131 2868 2270 2922 hedge

542 2936 630 2977 and
651 2935 771 2976 ditch
793 2934 948 2976 should
971 2934 1022 2975 be
1050 2934 1267 2976 removed.
1329 2935 1371 2976 It
1403 2935 1650 2989 frequently
1670 2935 1913 2990 happened,
1936 2936 2147 2987 however,
2170 2937 2268 2979 that

542 3006 617 3046 the
634 3004 817 3059 justices
838 3003 881 3045 in
907 3017 1006 3057 eyre
1028 3004 1205 3045 allowed
1236 3003 1311 3045 the
1343 3004 1447 3045 land
1479 3006 1522 3045 to
1554 3004 1723 3046 remain
1746 3005 1958 3055 enclosed,
1982 3019 2038 3047 on
2059 3007 2268 3059 payment

636 3141 644 3159 ¹
669 3139 743 3170 Lib.
756 3139 776 3170 i.
795 3148 868 3179 cap.
887 3148 917 3169 x.
936 3138 1071 3176 Madozm
1091 3139 1236 3180 History
1252 3139 1324 3170 and
1341 3138 1553 3181 sztiqm'ties
1569 3140 1607 3181 of
1620 3140 1675 3172 the
1691 3140 1902 3182 Exchequer,
1921 3140 1985 3172 vol.
2003 3139 2038 3171 ii.
2055 3150 2088 3181 p.
2105 3141 2178 3171 424.
