2421 3529
458 304 552 350 108
912 313 1098 349 sELEcr
1132 313 1324 350 FOREsT
1359 312 1711 356 1NQU1s1T10Ns

543 427 765 469 Iohannes
802 427 854 469 de
897 427 1092 478 Plesset',
1131 439 1276 470 comes
1318 426 1537 477 Warwik’,
1581 425 1694 481 cepit
1736 424 1829 468 die¹
1870 424 2028 468 Martis
2069 427 2173 468 ante

453 497 765 539 Ascensionem
799 510 917 538 anno
952 497 1102 539 eodem
1136 509 1273 538 vnum
1299 495 1480 538 damum
1515 497 1558 537 et
1591 509 1728 538 vnum
1762 508 1944 537 zourum
1983 495 2101 537 dami
2133 497 2175 537 et

454 579 586 612 Vnam
611 566 787 608 damam
809 565 855 607 in
876 579 1007 619 parco
1030 564 1145 618 apud
1166 564 1445 606 Acwellesik’.

544 688 768 743 ²Rogerus
814 687 866 730 de
910 687 1152 731 Tineswich
1202 686 1479 743 presentauit
1527 687 1642 741 quod
1685 687 1906 730 Iohannes
1946 687 2092 729 Balun
2133 689 2177 729 et

455 758 675 801 Henricus
708 759 759 800 de
792 757 1081 800 Chirchefeld’
1109 759 1152 800 et
1185 758 1375 799 Thomas
1408 758 1461 799 de
1492 757 1705 800 Pilketon’
1740 759 1844 799 sunt
1875 757 2178 799 malefactores

457 829 509 869 de
539 827 779 870 venacione
811 826 978 869 domini
1016 827 1158 881 regis3
1195 829 1236 869 et
1268 827 1487 869 Robertus
1521 841 1709 882 persona
1746 827 1798 868 de
1836 826 2066 880 Trapston'
2106 840 2179 868 eos

455 897 716 952 receptauit.
779 896 1020 951 Inquisicio
1058 897 1175 940 facta
1213 910 1342 950 super
1379 896 1460 938 hoc
1495 897 1611 951 apud
1646 897 1827 950 Lufwyc
1860 896 1956 937 die3
1997 895 2181 937 Veneris

455 967 653 1021 proxima
675 969 778 1009 ante
802 968 962 1008 festum
987 965 1316 1008 Purificacionis
1339 965 1464 1008 beate
1485 966 1624 1008 Marie
1646 980 1765 1007 anno
1787 964 2006 1008 tricesimo
2025 967 2182 1006 octauo

457 1051 603 1080 coram
618 1036 838 1078 viridariis
861 1039 903 1078 et
927 1035 1170 1078 forestariis
1192 1049 1268 1090 per
1291 1038 1479 1089 quatuor
1501 1036 1675 1078 villatas
1698 1034 1984 1088 subscriptas,
2003 1033 2180 1084 scilicet,

456 1120 533 1160 per
568 1105 849 1156 Audewincl’,
884 1104 1096 1159 Lufwyc’‚
1131 1105 1274 1158 Yslep,
1313 1105 1535 1158 Sutburg’.

544 1174 834 1224 Audewincle‚
870 1174 1031 1224 iurata,
1067 1173 1171 1215 dicit
1201 1174 1315 1227 quod
1351 1174 1535 1228 predicti
1568 1172 1788 1216 forestarii
1824 1174 1927 1215 sunt
1959 1172 2107 1215 fideles
2136 1172 2182 1213 in

458 1243 641 1287 seruicio
674 1243 840 1285 domini
873 1242 1002 1296 regis,
1025 1245 1068 1284 et
1090 1242 1227 1283 nichil
1258 1242 1403 1284 sciunt
1426 1243 1478 1285 de
1500 1243 1587 1286 illis
1608 1242 1695 1285 nisi
1723 1242 1997 1294 fidelitatem,
2028 1256 2107 1284 nec
2131 1242 2183 1284 de

456 1313 542 1357 illis
565 1313 759 1367 aliquam
781 1313 946 1357 habent
969 1312 1328 1366 susspeccionem.

546 1383 740 1437 Lufwyc,
756 1382 899 1436 Yslep,
917 1381 1143 1437 Sutburg’,
1159 1381 1314 1432 iurate,
1339 1381 1604 1426 concordant
1627 1395 1727 1424 cum
1740 1380 2027 1433 Audewincle,
2042 1381 2185 1435 primo

459 1452 621 1495 iurata.⁴

549 1653 889 1697 Memorandun]
913 1654 1028 1709 quod
1060 1654 1122 1696 H*
1142 1653 1194 1697 de
1224 1653 1463 1706 Goldingh'
1483 1652 1646 1708 recepit
1679 1652 1973 1696 senescaciam
1989 1653 2002 1677 ⁴
2026 1652 2185 1696 foreste

464 1723 560 1766 die-⁵
601 1724 759 1765 Martis
795 1724 995 1778 proxima
1029 1727 1132 1766 ante
1166 1724 1329 1766 festum
1365 1723 1699 1778 Assumpcionis
1731 1723 1858 1765 beate
1899 1723 2039 1765 Marie
2072 1737 2188 1765 anno

463 1793 684 1835 tricesimo
707 1792 907 1847 septimo.

553 1862 771 1904 Dominus
803 1861 1034 1912 Ricardus,
1068 1875 1212 1904 comes
1245 1860 1450 1913 Cornub’,
1483 1860 1597 1916 cepit
1631 1861 1678 1902 in
1711 1875 1843 1915 parco
1881 1860 1933 1903 de
1969 1860 2188 1903 Brixstok'

469 1930 536 1973 die
553 1931 567 1955 ‘³
590 1930 716 1973 Lune
750 1933 791 1973 et
830 1932 898 1972 die
916 1933 930 1955 6
968 1931 1127 1973 Martis
1149 1931 1357 1985 proximis
1379 1934 1477 1985 post
1498 1931 1863 1985 Assumpcionem
1897 1930 2022 1972 beate
2054 1931 2194 1972 Marie

468 2014 584 2042 anno
606 2001 828 2042 tricesimo
852 2000 1037 2054 septimo
1060 2003 1148 2042 tres
1172 2000 1338 2042 clamos.

557 2069 773 2111 Robertus
797 2069 954 2112 Basset
979 2069 1092 2122 cepit
1115 2069 1161 2110 in
1194 2070 1358 2111 foresta
1395 2068 1447 2111 de
1480 2068 1762 2123 Rolzingham
1784 2069 1830 2110 in
1852 2069 2052 2123 Augusto
2074 2082 2192 2111 anno

238 2154 429 2183 Gnlfridusde
472 2139 623 2181 eodem
648 2138 704 2180 ad
733 2152 842 2192 opus
875 2138 1077 2191 magistri
1109 2138 1316 2180 Willelmi
1350 2138 1401 2179 de
1425 2138 1645 2192 Kilkenny
1667 2141 1855 2192 quatuor
1888 2139 2053 2187 damos‚
2081 2138 2194 2180 vnde

239 2189 381 2215 “llixdevic

241 2223 344 2248 habuit,

241 2259 334 2283 breue.

473 2207 686 2252 Ricardus
725 2208 775 2249 de
799 2208 990 2258 Walton,
1017 2210 1122 2249 tunc
1146 2208 1401 2250 forestarius
1424 2210 1467 2249 et
1493 2207 1844 2250 constabularius
1882 2208 1933 2250 de
1965 2208 2195 2261 Rokingh',

474 2277 608 2320 habet
629 2277 774 2319 breue.

567 2411 805 2468 Inquisicio
822 2410 937 2455 facta
957 2410 1072 2467 apud
1097 2410 1238 2467 Cor‘by
1260 2411 1326 2454 die
1342 2411 1359 2438 7
1378 2410 1497 2455 Iouis
1519 2413 1618 2467 post
1633 2410 1794 2455 festum
1810 2411 1951 2454 sancti
1972 2410 2201 2454 Michaelis

479 2475 597 2526 anno
631 2483 782 2525 eodem
820 2497 968 2525 coram
1007 2482 1184 2524 domino
1217 2483 1271 2523 E,
1295 2483 1346 2524 de
1379 2483 1553 2533 Bosco,8
1594 2482 1840 2524 iusticiario
1863 2483 2035 2533 foreste,
2072 2495 2202 2535 super

480 2552 834 2596 malefactoribus
855 2550 901 2593 in
924 2551 1085 2593 foresta
1106 2563 1181 2605 ‘per
1202 2552 1283 2593 hos
1305 2550 1571 2606 subscriptos
1588 2565 1658 2593 1—-

481 2639 724 2683 Willelmus
747 2638 798 2680 de
820 2638 988 2687 Musca,
1010 2638 1147 2679 miles‘
1345 2638 1565 2680 Iohannes
1588 2639 1640 2680 de
1662 2638 1779 2692 Bra}⁷
1802 2637 1852 2680 de
1875 2636 2046 2679 Pilket⁹.

483 2708 727 2750 Willelmus
797 2705 916 2748 filius
991 2707 1162 2748 Andree
1235 2705 1286 2748 de
1348 2707 1564 2748 Bobertus
1633 2707 1751 2748 filius
1821 2706 2029 2749 Willelmi
2094 2706 2146 2747 de

574 2776 814 2830 Lyuedenz
1430 2776 1611 2818 Lufwic.

487 2846 730 2889 willelmus
754 2845 805 2887 de
829 2844 1028 2887 (lamera⁵
1349 2843 1567 2886 Robertus
1589 2844 1707 2886 filius
1727 2843 1911 2886 Henrici
1933 2843 1984 2885 de
2009 2842 2145 2886 Stok‘.

535 2933 542 2950 ¹
569 2933 609 2964 27
628 2931 708 2971 May
725 2931 821 2961 1253.
1240 2971 1243 2972 ⁷
1387 2930 1530 2961 steward
1561 2930 1620 2962 the
1645 2930 1771 2971 deputy
1795 2930 2011 2970 wardenship
2036 2940 2104 2960 was
2135 2937 2209 2968 pro⁴

533 2977 545 2993 ²
570 2975 654 3006 This
671 2977 768 3014 entry
807 2974 836 3004 is
852 2971 1035 3004 writtenon
1061 2983 1080 3005 a
1105 2970 1266 3005 schedula
1283 2976 1318 3005 to
1386 2974 1486 3014 bably
1504 2974 1678 3005 intended.
1724 2975 1757 3005 It
1782 2974 1908 3005 should
1926 2974 1965 3004 be
1982 2973 2118 3004 noticed
2136 2972 2211 3003 that

490 3020 550 3051 the
567 3018 711 3058 original
728 3018 800 3049 roll.
867 3018 878 3035 ³
901 3019 943 3048 30
961 3018 1114 3057 January
1134 3017 1229 3059 1253.
1386 3018 1430 3049 he
1454 3018 1517 3049 has
1542 3017 1679 3058 already
1696 3018 1780 3049 been
1805 3017 1981 3049 described
2005 3027 2043 3048 as
2069 3013 2212 3047 steward

536 3065 546 3081 ⁴
572 3062 675 3102 Hugh
690 3063 724 3093 of
737 3061 1046 3100 Goldinghamwas
1058 3066 1117 3092 not
1131 3060 1317 3101 appointed
1386 3062 1422 3092 in
1440 3062 1664 3101 inquisitions
1681 3063 1716 3093 of
1741 3072 1786 3093 au
1811 3062 1932 3093 earlier
1955 3061 2034 3092 date
2061 3060 2130 3101 (see
2154 3069 2212 3099 pp.

491 3107 627 3138 wal-den
645 3107 679 3137 of
696 3105 754 3136 the
772 3105 894 3136 foreste
919 3105 1070 3135 between
1097 3105 1155 3136 the
1182 3105 1316 3144 bridges
1386 3108 1438 3142 95,
1457 3106 1498 3137 96
1516 3106 1648 3145 above).

492 3152 525 3181 of
545 3150 717 3181 Stamford
736 3149 802 3180 and
815 3148 942 3179 Oxford
955 3149 1042 3179 until
1061 3150 1079 3180 6
1098 3149 1216 3180 March
1237 3150 1316 3190 1253
1429 3152 1441 3167 ⁵
1466 3151 1506 3179 12
1524 3150 1655 3189 August
1674 3151 1769 3180 1253,
1806 3151 1817 3167 ⁵
1843 3150 1893 3185 18,
1910 3149 1950 3180 19
1965 3148 2097 3187 August
2116 3147 2211 3177 1253.

493 3196 537 3235 (p.
567 3196 616 3231 11,
646 3197 724 3224 note
753 3195 771 3223 7
801 3192 931 3233 above)
977 3193 1028 3233 By
1057 3192 1115 3223 the
1147 3194 1241 3224 office
1277 3194 1312 3223 of
1425 3195 1435 3210 ⁷
1460 3195 1478 3224 :2
1494 3194 1748 3226 October1253.
1769 3193 1854 3225 *See
1865 3203 1897 3232 p.
1914 3193 1964 3229 15,
1977 3190 2210 3223 note3above.
