2421 3529
481 229 507 272 3
734 238 1040 273 SELECTIONS
1075 239 1213 273 FROM
1249 238 1351 272 THE
1387 238 1578 273 FOREST
1613 237 1750 271 EYRE
1785 237 1946 273 ROLLS

477 350 797 403 plegiauerunt,
825 354 1004 405 captum
1031 365 1130 392 cum
1164 365 1267 393 arcu
1300 353 1342 392 et
1377 351 1507 393 corda
1535 351 1581 391 in
1609 351 1782 392 foresta.
1844 351 1904 392 Et
1937 351 2102 394 dictum
2135 354 2201 394 est

480 419 593 471 quod
627 421 828 461 mortuus
861 422 940 462 est.
1004 421 1225 462 Iohannes
1257 420 1372 461 filius
1405 420 1589 462 Gerard’
1622 422 1664 461 et
1695 419 1940 461 Willelmus
1973 420 2025 462 de
2057 420 2198 462 Chau-

479 487 621 528 cumb'
656 487 702 528 in
743 488 1044 530 misericordia
1086 488 1188 542 quia
1230 489 1426 530 fecerunt
1460 503 1503 530 se
1535 488 1699 542 plegios
1731 488 1916 542 predicti
1944 488 2127 531 Walteri
2158 493 2201 530 et

480 570 569 597 non
594 557 789 598 fuerunt.

243 621 349 678 ξξέξξζζ
566 624 727 666 Villata
750 626 801 666 de
834 626 1053 668 Neweton'
1079 625 1324 667 comuniter
1345 627 1353 649 ¹
1379 625 1422 666 in
1447 624 1747 667 misericordia
1778 639 1856 679 pro
1890 626 1993 679 fuga
2024 625 2202 668 Ricardi

481 692 608 734 Gelee
630 694 830 735 messarii
854 695 920 736 sui
943 695 1074 736 retati
1092 695 1143 736 de
1166 695 1295 736 damo
1316 695 1490 736 bersato
1512 695 1557 735 in
1581 697 1706 736 curto
1720 695 1848 736 bosco
1871 695 1922 736 de
1945 695 2183 736 Nassinton

477 775 557 815 pro
580 775 664 815 quo
686 763 906 805 Hemicus
928 764 1045 805 filius
1067 763 1288 805 Benselin’
1313 764 1364 805 de
1387 764 1608 805 Neweton’
1631 765 1786 817 captus
1810 763 1906 805 fuit.

245 842 402 892 ffffifrfln-
566 832 807 874 Forestarii
849 832 1117 874 inuenerunt
1159 833 1205 874 in
1258 833 1386 875 bosco
1433 833 1485 874 de
1537 833 1792 874 Nassinton'
1835 847 1968 874 Vnam
2021 833 2199 874 damam

479 901 714 942 habentem
757 902 953 955 gorgiam
997 902 1213 944 abscisam
1256 904 1298 944 et
1330 916 1464 956 prope
1506 902 1607 943 inde
1648 902 1915 943 inuenerunt
1957 901 2201 943 Henricum

478 969 619 1011 filium
654 971 798 1012 Bence
830 971 1043 1013 latentem
1077 971 1158 1013 sub
1190 971 1379 1025 quodam
1412 972 1630 1021 bussone3
1664 973 1706 1012 et
1738 970 1884 1024 ipsum
1917 973 2127 1024 ceperunt
2159 973 2203 1012 et

478 1038 522 1079 in
546 1039 770 1092 prisonam
785 1044 1040 1094 posuerunt.
1081 1041 1203 1081 Idem
1226 1040 1346 1082 venit
1370 1054 1517 1082 coram
1540 1039 1796 1082 iusticiariis
1818 1042 1861 1081 et
1879 1038 2073 1081 defendit
2088 1039 2201 1092 quod

479 1108 529 1148 de
552 1108 681 1149 dama
704 1108 779 1150 illa
800 1123 1029 1162 nunquam
1054 1109 1217 1162 aliquid
1240 1110 1383 1159 sciuit,
1407 1109 1493 1151 nisi
1515 1112 1692 1151 tantum
1725 1109 1839 1162 quod
1871 1108 1962 1150 ibat
1995 1107 2041 1148 in
2074 1108 2203 1149 bosco

477 1176 550 1217 illo
573 1176 627 1217 ad
651 1177 923 1230 querendum
946 1191 1075 1231 equm
1099 1192 1242 1219 suum.
1290 1178 1531 1219 Forestarii
1554 1178 1678 1218 illum
1701 1179 1909 1231 ceperunt
1927 1179 1968 1218 et
1984 1177 2203 1218 duxerunt

478 1259 614 1298 usque
657 1246 711 1287 ad
749 1246 960 1288 damam²
994 1247 1131 1288 illam.
1194 1247 1434 1289 Forestarii
1472 1249 1513 1289 et
1550 1246 1761 1296 viridarii,
1798 1246 1997 1300 requisiti
2032 1247 2068 1287 si
2109 1247 2202 1300 ipse

478 1314 707 1367 culpabilis
750 1315 805 1357 sit
842 1315 943 1357 inde
985 1317 1055 1358 1161
1096 1330 1200 1366 11011,
1236 1316 1387 1358 dicunt
1429 1317 1543 1370 quod
1594 1330 1684 1358 non
1727 1316 1912 1358 credunt
1953 1316 2067 1370 quod
2109 1315 2202 1369 ipse

477 1384 706 1438 culpabilis
738 1385 808 1435 sit,
833 1388 897 1427 set
924 1386 1109 1427 credunt
1130 1385 1288 1441 melius
1321 1386 1434 1439 quod
1467 1385 1682 1427 Ricardus
1715 1385 1844 1427 Gelee
1876 1384 2115 1426 messarius
2148 1385 2199 1426 de

476 1453 694 1495 Neweton’
727 1454 782 1496 sit
815 1455 914 1496 inde
947 1455 1176 1509 culpabilis
1213 1455 1420 1509 quoniam
1457 1455 1584 1509 fugiit
1623 1455 1844 1509 quamcito
1881 1455 2052 1496 audiuit
2087 1454 2202 1508 quod

475 1522 696 1576 predictus
739 1523 959 1565 Henricus
1002 1527 1156 1578 captus
1195 1525 1291 1567 fuit.
1354 1526 1414 1566 Et
1452 1525 1660 1579 quoniam
1695 1524 1786 1578 ipse
1820 1524 2040 1573 Henricus
2075 1537 2201 1564 cruce

476 1591 676 1644 signatus
699 1592 781 1634 fuit
804 1595 846 1634 et
869 1607 956 1634 non
980 1594 1288 1635 malecreditur
1311 1596 1352 1635 et
1386 1594 1460 1635 diu
1493 1593 1627 1636 iacuit
1659 1593 1705 1634 in
1738 1607 1922 1643 carcere,
1946 1606 2201 1634 concessum

243 1668 404 1725 {fg-egrim-
476 1663 540 1702 est
582 1661 620 1702 ei
662 1662 777 1714 quod
819 1661 910 1715 ipse
953 1663 1085 1704 faciat
1128 1663 1532 1717 peregrinacionem
1571 1677 1710 1705 suam.
1787 1662 1848 1703 Et
1883 1666 2061 1704 moueat
2098 1664 2202 1703 ante

476 1731 778 1781 Pentecosten,
812 1734 854 1772 et
893 1732 928 1772 si
970 1732 1146 1773 redierit
1184 1734 1226 1774 et
1268 1732 1406 1786 possit
1448 1732 1612 1786 plegios
1650 1731 1849 1773 inuenire
1887 1732 1938 1773 de
1975 1731 2200 1782 fidelitate,

476 1801 653 1840 maneat
677 1799 721 1840 in
746 1800 920 1842 foresta.

240 1879 413 1917 mqrmusm
566 1868 757 1909 Thomas
780 1868 918 1918 Inkel,
945 1869 1200 1911 forestarius
1234 1869 1285 1911 de
1319 1869 1455 1919 Cliue,
1479 1868 1652 1911 inuenit
1685 1869 1731 1909 in
1753 1869 1883 1910 bosco
1906 1868 1957 1909 de
1983 1868 2200 1910 Siberton’

242 1919 364 1943 pnsona.
477 1937 699 1990 quandam
731 1936 918 1990 placiam
943 1938 1328 1992 sanguinolentam
1346 1954 1356 1988 ;
1392 1941 1433 1980 ct
1465 1938 1700 1980 traciauit3
1727 1938 1989 1991 sanguinem
2021 1937 2066 1978 in
2099 1938 2202 1979 niue

477 2020 613 2059 usque
637 2006 818 2047 domum
840 2007 1016 2048 Radulfi
1038 2008 1130 2048 Red
1155 2008 1206 2049 de
1231 2008 1449 2050 Siberton’
1473 2010 1515 2049 et
1539 2007 1691 2049 statim
1717 2006 1948 2048 mandauit
1971 2006 2202 2048 viridarios

476 2077 519 2116 et
541 2075 698 2128 probos
720 2075 935 2117 homines.
1000 2076 1346 2118 Cerchiauerunt
1370 2077 1549 2118 domum
1580 2091 1705 2118 suam
1729 2079 1771 2118 et
1793 2076 1838 2116 in
1862 2089 1913 2117 ea
1935 2075 2202 2116 inuenerunt

476 2157 654 2184 carnem
677 2143 906 2186 cuiusdam
931 2145 1056 2186 dame
1079 2147 1121 2186 et
1143 2145 1289 2198 ipsum
1311 2146 1552 2187 Radulfum
1575 2147 1784 2199 ceperunt
1807 2147 1849 2187 et
1881 2147 2123 2198 posuerunt
2155 2145 2201 2185 in

476 2212 656 2265 prisona
679 2212 795 2266 apud
818 2213 1065 2264 Norhamt’,
1089 2214 1134 2254 in
1168 2228 1253 2267 qua
1286 2214 1406 2265 obiit,
1431 2217 1495 2256 set
1528 2217 1630 2256 ante
1663 2214 1833 2256 obitum
1866 2227 1995 2255 suum
2028 2213 2202 2266 quando

476 2281 559 2322 fuit
582 2281 627 2321 in
650 2282 828 2335 prisona
851 2283 1090 2336 appellauit
1122 2284 1363 2325 Robertum
1399 2284 1550 2327 Sturdi
1572 2284 1623 2325 de
1659 2283 1874 2325 Siberton’
1909 2285 1951 2324 et
1982 2283 2201 2335 Rogerum

479 2349 617 2391 Tocke
641 2350 691 2391 de
715 2350 865 2392 eadem
889 2351 1002 2404 quod
1026 2351 1157 2392 simul
1180 2366 1280 2392 cum
1312 2366 1361 2394 eo
1393 2353 1572 2394 fuerunt
1604 2352 1909 2394 malefactores
1941 2351 1992 2392 de
2025 2351 2199 2392 foresta.

476 2418 536 2459 Et
560 2418 777 2459 forestarii
799 2421 841 2460 et
864 2419 1060 2460 viridarii
1083 2420 1267 2462 scrutati
1297 2424 1401 2463 sunt
1435 2422 1616 2477 domum
1649 2420 1834 2474 predicti
1864 2419 2057 2469 Roberti,
2082 2422 2124 2461 et
2155 2420 2201 2460 in

477 2501 526 2527 ea
560 2487 827 2530 inuenerunt
865 2491 1116 2531 ossamenta
1149 2490 1340 2531 ferarum
1376 2493 1417 2532 et
1450 2490 1594 2543 ipsum
1629 2491 1839 2542 ceperunt
1871 2491 1913 2529 et
1945 2488 1991 2528 in
2023 2488 2202 2541 prisona

476 2556 706 2597 miserunt.
768 2556 829 2598 Et
851 2557 896 2598 in
921 2557 1048 2599 domo
1070 2559 1228 2611 Rogeri
1251 2559 1392 2601 Tocke
1415 2559 1682 2600 inuenerunt
1715 2571 1843 2599 aures
1875 2560 1917 2599 et
1949 2559 2201 2599 ossamenta

478 2625 685 2665 ferarum.
749 2626 808 2667 Et
851 2626 966 2667 idem
1010 2630 1163 2680 captus
1206 2628 1290 2670 fuit
1325 2630 1367 2670 et
1401 2628 1719 2681 inprisonatus.
1798 2627 2014 2668 Robertus
2051 2626 2202 2668 Sturdi

477 2694 600 2735 uenit
643 2708 789 2736 coram
832 2695 1087 2737 iusticiariis
1131 2699 1173 2738 et
1216 2697 1320 2738 dicit
1363 2698 1478 2750 quod
1520 2710 1650 2738 canes
1682 2695 1865 2738 Walteri
1907 2695 1958 2736 de
2001 2695 2198 2735 Preston’

478 2762 673 2803 solebant
697 2763 835 2804 iacere
858 2763 903 2803 in
927 2764 1055 2806 domo
1079 2779 1171 2806 sua.
1235 2766 1528 2807 Venacionein
1550 2765 1935 2807 manducauerunt
1969 2766 2200 2804 uenatores

243 2840 391 2898 {xz-{igme
477 2831 544 2871 sui
567 2831 678 2871 vnde
706 2831 780 2872 illa
812 2835 1064 2874 ossamenta
1096 2834 1275 2875 fuerunt
1307 2836 1349 2876 et
1382 2834 1482 2875 inde
1515 2836 1643 2875 uocat
1675 2835 1922 2875 warantum
1954 2831 2199 2885 predictum

475 2899 733 2948 Walterum,
758 2902 799 2941 et
821 2901 982 2942 habeat
1006 2915 1105 2943 eum
1129 2902 1196 2943 die
1219 2903 1425 2945 crastina.
1488 2903 1618 2944 Venit
1640 2903 1860 2945 Walterus
1884 2904 1925 2943 et
1941 2899 2199 2942 warantizat

520 2993 525 3009 ¹
556 2993 616 3022 See
633 3002 665 3031 P·
684 2993 712 3023 2-
731 3002 763 3022 π.
783 2994 811 3022 2-
1373 2999 1470 3035 entry
1484 2996 1541 3026 the
1557 3005 1650 3026 same
1663 2995 1760 3026 beast
1779 2994 1807 3026 is
1821 2992 1996 3025 described
2014 3003 2051 3024 as
2068 3002 2088 3023 a
2101 2991 2199 3022 buck.

518 3037 529 3053 ²
554 3036 593 3065 In
611 3036 708 3075 place
726 3037 759 3066 of
778 3036 846 3067 this
865 3036 931 3067 and
950 3036 1006 3067 the
1027 3037 1198 3078 following
1212 3039 1301 3069 word
1415 3041 1426 3056 ³
1452 3040 1533 3070 This
1563 3039 1651 3070 word
1678 3040 1705 3069 is
1739 3049 1775 3069 so
1800 3038 1932 3069 written
1958 3038 1993 3067 in
2025 3036 2083 3067 the
2107 3038 2198 3066 tran-

474 3078 556 3109 110111
590 3082 678 3110 texts
718 3079 805 3110 have
841 3086 846 3096 ¹
863 3080 1001 3111 domum
1036 3081 1155 3115 11111111,’
1189 3082 1299 3113 which
1371 3083 1485 3122 script.
1535 3084 1574 3113 In
1608 3082 1665 3113 1116
1698 3082 1843 3121 original
1876 3081 1939 3113 roll
1972 3082 1997 3112 it
2021 3078 2132 3119 might
2159 3078 2198 3110 be

476 3132 585 3153 seems
601 3126 633 3153 10
648 3123 685 3153 be
700 3134 719 3154 a
737 3123 871 3155 cleric-al
890 3134 990 3155 error.
1017 3125 1056 3154 111
1069 3125 1126 3156 the
1142 3126 1298 3165 previous
1369 3127 1447 3158 read
1466 3137 1502 3158 as
1520 3134 1525 3142 ³
1542 3126 1711 3158 trazauit:
