2421 3529
458 195 483 202 mv

463 210 474 238 d
712 201 1016 236 SELECTIONS
1051 202 1191 236 FROM
1228 202 1330 236 THE
1366 202 1556 236 FOREST
1593 203 1731 237 EYRE
1766 203 1927 238 ROLLS

456 315 684 356 dederunt.
746 314 807 356 Et
831 315 1048 357 forestarii
1072 314 1388 357 dubitauerunt
1421 315 1534 368 quod
1566 315 1638 357 ille
1661 329 1840 357 ceruum
1874 317 2181 369 asportauerat

456 398 584 437 quem
606 398 680 424 rex
702 383 920 425 interfecit
943 384 988 425 in
1013 385 1185 433 foresta,
1209 385 1252 425 et
1274 383 1358 425 fuit
1381 384 1646 437 deperditus.

542 454 603 494 Et
634 452 863 506 inquisicio
895 454 1011 495 facta
1042 467 1190 495 coram
1226 452 1482 494 iusticiariis
1515 453 1630 507 quod
1664 468 1753 496 non
1786 454 2094 496 malecreditur
2130 455 2180 495 de

454 536 583 563 ceruo
605 522 677 563 illo
695 537 703 569 ;
729 524 771 562 et
792 521 888 562 ideo
911 526 1107 563 remanet
1130 522 1175 562 in
1198 521 1396 563 custodia
1410 522 1557 564 villate
1576 522 1627 564 de
1653 523 1916 565 Skeftinton’
1936 523 1991 564 ad
2013 523 2177 577 inquir-

453 592 630 632 endum.
684 591 744 632 Et
766 590 1008 632 Willelmus
1031 591 1147 632 filius
1171 591 1381 633 Gunnild’
1405 593 1556 633 manet
1579 592 1624 632 in
1647 591 1845 633 custodia
1866 592 2079 633 Iohannis
2103 592 2182 633 filii

457 659 648 702 Simonis
682 659 847 700 domini
881 659 950 700 sui
980 660 1034 701 ad
1068 659 1394 713 inquirendum,
1419 660 1492 713 qui
1524 660 1644 702 visus
1677 660 1759 702 fuit
1791 663 1921 714 prout
1955 660 2181 702 dicebatur

454 742 587 781 prope
609 729 752 770 locum
774 728 845 769 vbi
867 728 1088 781 predictus
1111 742 1266 770 ceruus
1289 728 1546 770 interfectus
1569 729 1666 770 fuit.
1729 729 1789 771 Et
1820 729 1979 771 debent
2002 729 2125 771 reddi
2156 743 2182 771 a

455 798 625 839 Pascha
647 811 763 839 anno
786 798 908 851 regni
930 798 1042 852 regis
1065 797 1278 840 Iohannis
1301 798 1467 840 decimo
1490 798 1607 840 infra
1629 812 1798 841 annum
1822 799 2106 852 completum.

542 868 759 909 Robertus
793 868 843 909 de
876 869 1118 922 Langeton'
1152 870 1194 910 et
1226 868 1444 910 Robertus
1479 869 1711 922 Sampson,
1745 867 1942 910 viridarii
1973 867 2102 919 Leic',
2137 868 2182 908 in

458 937 759 979 misericordia
781 938 883 991 quia
905 937 1268 980 contradixerunt
1291 937 1454 991 scripto
1478 952 1572 980 suo.

543 1008 732 1049 Michael
755 1008 807 1049 de
831 1008 985 1049 Neuill'
1011 1010 1053 1050 et
1075 1008 1292 1049 Robertus
1315 1008 1367 1050 de
1388 1007 1551 1051 Wiuill'
1576 1007 1772 1050 viridarii
1804 1007 1849 1048 in
1884 1006 2183 1049 misericordia

455 1077 558 1130 quia
595 1090 685 1118 non
730 1077 926 1118 fecerunt
961 1077 1076 1131 quod
1111 1077 1250 1119 facere
1284 1077 1555 1126 debuerunt3
1603 1080 1645 1118 et
1683 1078 1814 1130 Hugo
1852 1076 2108 1118 forestarius
2141 1078 2183 1118 et

460 1146 639 1188 Samuel
662 1145 804 1187 socius
827 1146 919 1188 eius
942 1146 987 1186 in
1010 1145 1311 1187 misericordia
1333 1159 1411 1199 pro
1435 1146 1601 1187 eodem.

542 1216 738 1269 Rogerus
752 1215 868 1256 filius
892 1216 1011 1257 Petri
1033 1215 1084 1257 de
1102 1215 1383 1269 Vppingham
1406 1215 1452 1256 in
1474 1215 1774 1258 misericordia
1795 1230 1873 1269 pro
1895 1215 2030 1257 stulto
2053 1215 2181 1256 facto.

544 1285 734 1326 Thomas
751 1285 801 1326 de
816 1285 968 1334 Hotot,
987 1285 1232 1327 NViHelmus
1246 1285 1298 1326 de
1313 1284 1506 1326 Fraxino
1521 1287 1563 1326 et
1581 1285 1801 1326 Henricus
1819 1285 1869 1326 de
1885 1284 2182 1338 Vppfflgham,

454 1354 696 1396 Alexander
720 1354 771 1395 de
794 1354 1174 1408 Martinesfihorp’,
1199 1354 1409 1405 riridarii‚
1437 1354 1482 1395 in
1518 1353 1816 1396 misericordia
1847 1353 1949 1407 quia
1986 1353 2183 1395 fecerunt

456 1424 571 1477 quod
589 1424 728 1466 facere
750 1438 840 1465 non
864 1424 1123 1466 debuerunt.

544 1494 705 1535 Villata
728 1493 778 1535 de
803 1494 968 1536 Ocham
991 1493 1037 1534 in
1059 1493 1359 1535 misericordia
1391 1493 1494 1548 quia
1527 1507 1616 1536 non
1648 1494 1902 1535 habuerunt
1936 1493 2179 1535 Robertum

455 1563 721 1605 seruientem
739 1562 911 1604 comitis
934 1563 1082 1604 Heref'
1107 1577 1236 1616 quem
1259 1563 1579 1617 plegiauerunt.

543 1633 704 1675 Villam
742 1633 794 1674 de
827 1632 1035 1686 Egildun'
1079 1633 1125 1674 in
1167 1633 1464 1675 misericordia
1507 1633 1610 1687 quia
1645 1647 1733 1675 non
1776 1635 1993 1674 venerunt
2035 1646 2182 1674 coram

456 1702 710 1745 iusticiariis
734 1702 845 1744 sicut
868 1702 1015 1744 venire
1039 1702 1317 1744 debuerunt.¹

543 1771 706 1814 Villata
738 1772 789 1813 de
823 1771 1104 1814 Cnossinton'
1128 1771 1174 1812 in
1196 1771 1499 1814 misericordia
1533 1771 1634 1825 quia
1667 1785 1756 1813 non
1789 1770 2043 1812 habuerunt
2075 1783 2183 1823 quos

455 1840 775 1895 plegiauerunt,
809 1840 985 1890 scilicet,
1018 1841 1258 1882 Ricardum
1295 1843 1337 1882 et
1373 1841 1657 1890 Willelmum,
1688 1840 1762 1894 qui
1796 1839 1969 1881 inuenti
2003 1840 2184 1881 fuerunt

457 1925 557 1952 cum
580 1910 769 1951 arcubus
792 1912 834 1952 et
857 1909 1031 1963 sagittis
1054 1909 1099 1950 in
1123 1909 1317 1952 chimino
1339 1924 1492 1951 versus
1515 1909 1751 1962 Rokingh’.

540 1979 805 2021 Benedictus
823 1980 874 2021 de
888 1980 1196 2022 Haueresham
1211 1979 1335 2021 offert
1353 1979 1581 2021 dimidiam
1597 1992 1792 2020 marcam
1811 1977 1986 2019 domino
2001 1977 2092 2030 regi
2105 1991 2183 2031 pro

455 2049 657 2091 habendo
679 2049 807 2092 bosco
831 2063 908 2091 suo
931 2052 1058 2103 capto
1080 2048 1125 2090 in
1148 2063 1285 2090 manu
1307 2049 1422 2103 regis
1442 2064 1450 2098 ;
1486 2051 1528 2090 et
1550 2047 1864 2102 inquirendum
1889 2047 1984 2102 [per
2018 2046 2181 2102 quem]

543 2119 738 2172 Rogerus
754 2110 999 2160 Monachus
1016 2118 1141 2160 offert
1159 2118 1336 2160 domino
1350 2118 1442 2172 regi
1460 2118 1689 2159 dimidiam
1708 2131 1903 2159 marcam
1919 2130 1998 2170 pro
2015 2116 2180 2157 eodem.

543 2188 791 2230 Vicecomes
821 2189 960 2230 Rotei'
988 2189 1033 2229 in
1065 2189 1363 2230 misericordia
1396 2189 1498 2243 quia
1531 2187 1658 2244 [non]
1685 2187 1842 2229 habuit
1880 2188 2079 2241 prisones
2109 2187 2183 2240 qui

455 2258 628 2300 liberati
652 2258 831 2299 fuerunt
854 2257 893 2298 ei
916 2257 962 2298 in
984 2258 1181 2300 custodia
1204 2272 1279 2312 per
1302 2272 1462 2299 manus
1486 2257 1832 2299 forestariorum.

543 2328 883 2369 Memorandum
906 2327 1019 2381 quod
1055 2328 1211 2369 boscus
1233 2327 1465 2381 Reginaldi
1495 2327 1545 2369 de
1577 2327 1759 2370 Wittok'
1785 2327 2026 2381 capiendus
2049 2328 2114 2368 est
2137 2325 2182 2366 in

455 2411 593 2439 manu
615 2397 742 2450 regis.

543 2465 710 2507 Boscus
734 2464 1103 2507 sokemannorum
1128 2463 1179 2505 de
1203 2464 1488 2517 Prestegraue
1513 2463 1727 2505 similiter.

1172 2650 1178 2667 ¹
1207 2650 1277 2681 MS.
1297 2649 1455 2681 ‘debuitff

2412 0 2421 104 ’.μη-
