2421 3529
255 434 288 460 ad
307 433 453 459 iudicium.

259 781 273 797 ο
289 773 379 797 soliar

262 916 294 939 ad
311 914 458 939 iudicium.

261 1341 298 1357 xx
312 1334 404 1359 solidi.

262 1539 295 1562 nd
311 1537 459 1562 iudicium.

262 1735 382 1759 dimidia

264 1777 367 1793 marca.

264 1827 280 1844 v
296 1819 387 1844 solidi.

270 2226 388 2250 dimidia

272 2268 338 2284 Ulztl't
345 2267 375 2284 'ss-

272 2369 306 2392 :nd
325 2368 470 2392 iudicium.

277 2653 290 2668 v
306 2645 396 2668 solidi.

277 2852 311 2875 ad
331 2852 475 2876 indivimn.

486 221 545 266 49
741 230 1050 267 SELECTloNs
1086 229 1223 262 FROM
1261 228 1363 262 THE
1402 227 1591 263 FoREsT
1628 227 1765 261 EYRE
1802 227 1962 261 ROLLS

486 345 712 388 dacionem
756 345 922 388 domini
963 343 1105 397 regis;
1156 341 1269 383 vnde
1311 341 1427 384 idem
1470 342 1626 383 Petrus
1668 339 1930 393 respondeat
1973 341 2025 384 de
2056 341 2216 395 vigin⁴i

488 414 636 456 solidis
668 429 743 468 per
777 414 932 469 viginti
966 426 1135 461 annos;
1170 413 1212 453 et
1245 412 1299 453 ad
1334 411 1543 452 iudicium
1580 410 1630 451 de
1665 424 1714 451 eo
1747 423 1826 462 pro
1859 409 2024 452 iniusta
2060 425 2214 465 appro-

489 484 725 538 priacione.

577 553 699 594 Idem
723 553 878 594 Petrus
901 550 1096 604 inposuit
1119 549 1331 602 magistro
1353 549 1570 591 Willelmo
1594 549 1645 589 de
1679 548 1943 590 Martiuallis
1977 549 2089 603 quod
2123 552 2216 591 erat

490 621 744 663 malefactor
767 620 819 661 de
841 619 1077 661 venacione
1110 617 1277 659 domini
1308 617 1422 669 regis
1454 617 1500 658 in
1533 616 1696 658 balliua
1729 631 1823 667 sua,
1849 619 1890 659 et
1922 617 2217 672 inprisonauit

492 704 591 730 eum
624 689 740 742 apud
773 688 1101 730 Athelakeston'
1139 701 1215 741 per
1254 687 1363 728 duas
1402 686 1528 735 vices,
1565 688 1607 728 et
1644 687 1924 739 postmodum
1961 687 2217 729 deliberauit

491 759 637 813 ipsum
673 772 749 812 per
786 758 919 799 finem
957 759 1135 799 centum
1174 756 1411 797 solidorum
1448 770 1554 810 quos
1589 756 1749 810 recepit
1787 756 1841 797 ab
1875 770 1938 806 eo,
1975 757 2027 798 de
2061 757 2218 810 quibus

492 828 752 881 respondeat
775 827 951 869 domino
974 826 1093 879 regi3
1128 827 1170 867 et
1203 825 1257 867 ad
1291 825 1501 866 iudicium
1535 825 1587 867 de
1619 839 1667 867 eo
1700 825 1802 879 quia
1835 825 2092 868 deliberauit
2124 840 2218 880 pre-

494 898 658 939 dictum
682 897 944 951 magistrum
970 896 1236 939 Willelmum
1261 894 1354 936 sine
1377 896 1582 936 warento.

583 967 705 1008 Idem
748 967 904 1007 Petrus
946 964 1140 1019 inposuit
1172 963 1330 1006 Allesie
1373 964 1509 1006 sorori
1550 963 1734 1018 predicti
1775 963 1976 1018 magistri
2016 964 2222 1007 Willelmi

497 1037 611 1090 quod
645 1036 741 1089 ipsa
774 1034 1015 1089 receptauit
1047 1034 1161 1075 bona
1194 1036 1236 1075 et
1278 1034 1436 1075 catalla
1468 1032 1605 1087 ipsius
1650 1033 1796 1075 fratris
1839 1035 1880 1075 et
1923 1033 2035 1088 cepit
2077 1034 2131 1075 ab
2173 1048 2224 1075 ea

495 1106 719 1147 occasione
753 1105 827 1147 illa
861 1103 1017 1157 viginti
1054 1103 1277 1157 quarteria
1312 1102 1523 1144 frumenti
1560 1103 1799 1154 cumulata,
1834 1102 1978 1157 precio
2013 1103 2223 1157 quarterii

495 1178 683 1229 quatuor
707 1174 867 1216 solidis.
934 1173 1118 1215 Summa
1141 1174 1328 1226 quatuor
1351 1172 1474 1214 libre.

583 1245 703 1285 Idem
729 1244 885 1285 Petrus
908 1242 1020 1296 cepit
1048 1242 1102 1283 ab
1125 1242 1276 1283 eadem
1300 1241 1444 1282 Alesia
1477 1241 1628 1283 eadem
1661 1242 1886 1284 occasione
1919 1242 2029 1284 duas
2065 1256 2220 1284 vaccas

493 1313 627 1368 precii
650 1313 805 1367 viginti
829 1311 1082 1362 solidorum,
1118 1311 1231 1352 vnde
1264 1311 1379 1353 idem
1410 1312 1567 1353 Petrus
1593 1311 1856 1365 respondeat
1889 1311 2066 1353 domino
2102 1312 2219 1365 regi;

493 1386 535 1425 et
558 1384 851 1437 protestatum
875 1382 957 1422 fuit
981 1396 1056 1435 per
1079 1380 1308 1422 viridarios
1330 1381 1633 1434 regardatores
1657 1383 1699 1423 et
1722 1381 1830 1423 alios
1852 1381 2082 1431 iuratores,
2106 1382 2221 1435 quod

493 1452 715 1506 predictus
747 1451 956 1505 magister
984 1451 1227 1494 Willelmus
1260 1464 1349 1492 non
1382 1453 1447 1492 est
1480 1451 1709 1504 culpabilis
1733 1451 1784 1492 de
1808 1451 1954 1505 aliqua
1977 1453 2220 1505 transgres-

495 1522 614 1564 sione
638 1522 822 1571 soreste;
854 1521 950 1562 ideo
973 1520 1065 1574 ipse
1087 1519 1260 1573 quietus
1281 1535 1289 1569 ;
1322 1522 1364 1562 et
1387 1520 1441 1561 ad
1464 1519 1674 1561 iudicium
1699 1520 1750 1562 de
1772 1521 1968 1574 predicto
1991 1522 2121 1563 Petro
2143 1535 2222 1574 pro

494 1591 669 1633 iniustis
692 1591 822 1644 prisis
846 1590 1054 1644 predictis
1078 1591 1120 1631 et
1144 1603 1222 1643 pro
1245 1589 1410 1631 iniusto
1432 1589 1814 1643 inprisonamento
1836 1591 2045 1644 predicto.

583 1661 705 1702 Idem
730 1661 885 1702 Petrus
907 1659 1102 1714 inposuit
1125 1659 1318 1701 Henrico
1351 1660 1533 1701 Gerard’
1569 1660 1793 1713 quandam
1826 1660 2222 1714 transgressionem

496 1731 679 1778 foreste;
715 1732 756 1772 et
778 1729 891 1783 cepit
915 1729 1064 1770 aueria
1088 1742 1168 1770 sua
1191 1730 1232 1770 et
1256 1728 1444 1770 detinuit
1468 1743 1693 1782 quousque
1711 1729 1912 1771 soluisset
1936 1729 1974 1771 ei
1996 1729 2225 1771 dimidiam

495 1813 690 1841 marcam
728 1813 806 1853 pro
839 1798 1154 1840 deliberacione
1193 1797 1405 1851 ipsorum,
1450 1800 1492 1840 et
1535 1798 1727 1851 quinque
1770 1798 1930 1840 solidos
1964 1813 2042 1853 pro
2080 1799 2224 1841 warda

495 1869 762 1917 eorundem3
821 1868 930 1909 vnde
982 1867 1095 1909 idem
1150 1867 1308 1908 Petrus
1361 1868 1624 1921 respondeat
1676 1867 1853 1910 domino
1905 1868 2021 1922 regi;
2076 1870 2118 1910 et
2170 1868 2225 1909 ad

496 1938 707 1980 iudicium
741 1937 792 1979 de
827 1951 876 1979 eo
910 1950 988 1990 pro
1025 1936 1191 1978 iniusta
1229 1936 1434 1990 capcione
1477 1951 1525 1978 eo
1569 1937 1683 1990 quod
1720 1939 2013 1991 protestatum
2051 1940 2115 1979 est
2149 1952 2225 1991 per

497 2007 727 2049 viridarios
749 2007 1052 2060 regardatores
1085 2008 1127 2047 et
1160 2019 1312 2047 omnes
1345 2005 1453 2048 alios
1488 2006 1703 2048 iuratores
1738 2007 1852 2060 quod
1886 2007 2007 2049 nulla
2040 2007 2224 2048 emenda

499 2076 899 2130 transgressionum
923 2076 1080 2117 foreste
1102 2075 1325 2129 pertinent
1349 2075 1403 2117 ad
1425 2075 1584 2129 ipsum,
1610 2078 1673 2118 set
1697 2076 1751 2118 ad
1774 2076 2003 2118 dominum
2026 2090 2186 2129 regem.

590 2146 712 2187 Idem
735 2146 892 2187 Petrus
919 2144 1031 2199 cepit
1065 2144 1116 2185 de
1149 2144 1394 2186 Alexandro
1427 2144 1516 2186 filio
1549 2145 1736 2188 Galfridi
1768 2146 1819 2187 de
1852 2146 2117 2200 Lydington’
2152 2160 2229 2200 pro

502 2230 590 2258 uno
613 2217 757 2270 lepore
782 2229 911 2270 quem
934 2214 1046 2268 cepit
1070 2214 1115 2255 in
1148 2213 1327 2255 bruellis
1360 2214 1411 2255 de
1447 2214 1623 2269 Seyton'
1660 2215 1888 2257 dimidiam
1920 2229 2114 2257 marcam
2150 2229 2231 2269 que

504 2284 651 2339 capeio
675 2284 729 2325 ad
752 2284 897 2338 ipsum
929 2297 1016 2325 non
1049 2282 1296 2336 pertinebat
1330 2286 1394 2324 set
1427 2284 1481 2325 ad
1514 2283 1743 2325 dominum
1775 2298 1920 2338 regem
1953 2285 2230 2338 pertinebat;

507 2358 548 2395 et
590 2354 685 2395 ideo
728 2353 989 2407 respondeat
1031 2352 1132 2393 inde
1175 2352 1352 2394 domino
1394 2353 1511 2407 regi;
1560 2355 1601 2395 et
1636 2354 1691 2395 ad
1735 2354 1945 2395 iudicium
1984 2354 2034 2396 de
2072 2368 2121 2396 eo
2155 2368 2232 2408 pro

508 2423 675 2465 iniusta
698 2423 917 2477 capcione.

597 2492 718 2533 Idem
752 2493 908 2533 Petrus
941 2490 1235 2544 inprisonauit
1266 2491 1508 2534 Robertum
1542 2492 1581 2533 le
1613 2492 1848 2546 Hayward’
1882 2493 1933 2534 de
1966 2493 2231 2547 Lydington'

509 2562 625 2615 apud
679 2561 1006 2602 Athelakeston’
1060 2574 1138 2614 pro
1191 2574 1276 2601 vno
1329 2561 1530 2603 cuniculo
1583 2575 1712 2615 quem
1765 2561 1878 2615 cepit
1930 2562 1976 2603 in
2027 2562 2232 2604 Estwode

509 2634 630 2672 extra
672 2630 995 2683 pringham;
1044 2631 1086 2671 et
1131 2629 1389 2672 deliberauit
1433 2644 1533 2671 eum
1581 2644 1658 2684 pro
1701 2630 1891 2684 quinque
1935 2630 2083 2673 solidis
2125 2646 2232 2684 quos

510 2700 624 2754 cepit
666 2700 719 2741 ab
762 2714 824 2748 eo,
869 2700 920 2740 de
962 2699 1120 2752 quibus
1162 2700 1424 2752 respondeat
1457 2699 1634 2742 domino
1669 2700 1773 2753 regi,
1808 2714 1857 2742 eo
1894 2700 2008 2753 quod
2050 2701 2235 2742 emenda

511 2770 730 2823 capcionis
773 2769 1075 2810 cuniculorum
1110 2768 1155 2809 in
1199 2770 1362 2810 foresta
1395 2769 1618 2822 pertinent
1653 2769 1707 2811 ad
1750 2769 1977 2810 dominum
2013 2783 2158 2822 regem
2193 2772 2235 2812 et

511 2853 599 2880 non
633 2839 687 2880 ad
721 2838 866 2891 ipsum
910 2838 1119 2886 Petrum3
1156 2840 1197 2878 et
1233 2838 1287 2878 ad
1321 2837 1531 2879 iudicium
1567 2838 1618 2879 de
1657 2852 1705 2880 eo
1742 2839 1794 2879 de
1832 2838 1997 2880 iniusta
2032 2839 2236 2892 capcione

512 2907 806 2961 predictorum
860 2906 1141 2947 denariorum
1196 2909 1236 2947 et
1290 2906 1341 2947 de
1394 2907 1587 2959 predicto
1640 2907 2017 2961 inprisonamento
2070 2910 2111 2948 et
2165 2907 2233 2948 de-

511 2977 782 3018 liberacione.
