2421 3529
409 381 504 399 coram
518 380 590 403 rege.

411 505 519 530 miseri-

410 540 514 564 cordie.

412 704 536 735 prisona.

419 1119 455 1143 mi
462 1119 526 1142 seri-

417 1153 520 1177 cordia.

424 2240 603 2265 mandatum.

426 2519 549 2551 prisona.

642 241 702 287 35
897 249 1203 285 SELEOTIONs
1238 249 1377 284 FROM
1414 249 1517 283 THE
1553 249 1744 283 FOREST
1779 249 1918 284 EYRE
1953 250 2114 284 ROLLs

640 365 701 407 Et
724 364 826 418 quia
848 364 930 405 fuit
954 363 1005 404 de
1028 362 1193 404 familia
1216 362 1382 403 domini
1403 361 1529 415 regis,
1553 361 1648 403 ideo
1669 375 1817 403 coram
1839 376 1951 415 rege.
2014 363 2069 403 Et
2094 362 2195 415 quia
2216 362 2365 404 villate

643 434 694 475 de
740 434 875 484 Stok’,
910 432 1258 487 Wyberdeston'‚
1302 431 1559 485 Brampton'
1613 433 1655 472 et
1707 431 1969 485 Deresburg’
2014 446 2104 473 non
2146 433 2367 473 venerunt

643 502 835 557 plenarie
859 502 912 543 ad
936 501 1264 554 inquirendum,
1289 500 1385 541 ideo
1407 500 1452 540 in
1474 500 1787 541 misericordia.

734 572 1070 612 lPresentatum
1095 572 1158 610 est
1182 572 1224 610 et
1247 569 1491 609 convictum
1517 582 1593 622 per
1617 569 1790 609 eosdem
1807 569 1921 622 quod
1936 569 2160 611 Galfridus
2176 569 2298 611 Catel
2316 569 2367 609 de

645 641 859 682 Bricstok’
894 642 958 682 est
992 639 1246 680 malefactor
1268 638 1519 679 venacionis
1541 638 1586 678 in
1609 639 1800 686 foresta3
1835 639 1909 691 qui
1940 639 2059 680 venit
2091 642 2133 680 et
2166 639 2368 680 detentus

647 713 711 751 est
734 710 779 750 in
802 710 993 763 prisona.
1055 709 1115 749 Et
1139 708 1248 749 alias
1271 709 1425 761 captus
1458 707 1540 748 fuit
1572 721 1650 760 pro
1683 707 1833 748 eodem
1856 710 1897 749 et
1920 708 2221 761 inprisonatus
2253 707 2368 761 apud

648 779 876 820 Norhamt’
896 794 905 827 ;
941 780 982 819 et
1025 779 1221 830 tempore
1259 777 1389 818 Alani
1425 776 1478 818 de
1512 776 1772 829 Maydewill’
1807 776 2072 818 vicecomitis
2106 777 2369 818 deliberatus

648 848 731 889 fuit
753 862 829 901 per
851 848 982 888 breue
1004 861 1079 901 per
1102 847 1326 900 pleuinam
1349 845 1536 886 Ricardo
1554 846 1608 886 ad
1626 845 1844 886 vinarium
1861 845 1912 886 de
1929 845 2160 895 Bricstok’,
2186 846 2371 888 Girardo

648 917 737 958 filio
760 916 940 958 Roberti
963 917 1015 958 de
1037 916 1203 965 eadem,
1228 915 1408 968 Hugoni
1440 915 1529 955 filio
1560 915 1767 956 Willelmi
1800 915 1851 955 de
1874 915 2039 964 eadem,
2063 915 2252 957 Iohanni
2284 914 2372 956 filio

649 986 874 1040 Ingerami
911 987 963 1027 de
1005 986 1171 1035 eadem,
1214 985 1406 1026 Henrico
1448 985 1537 1025 filio
1569 984 1746 1025 Ricardi
1779 984 1830 1025 de
1863 984 2030 1034 eadem,
2064 984 2255 1026 Henrico
2286 984 2375 1025 filio

650 1056 855 1109 Hugonis
879 1056 930 1096 de
952 1055 1103 1096 eadem
1123 1070 1131 1103 ;
1167 1056 1208 1095 et
1232 1054 1333 1107 quia
1355 1067 1444 1094 non
1477 1053 1727 1095 habuerunt
1760 1067 1860 1094 eum
1883 1053 2024 1106 primo
2048 1053 2114 1094 die
2137 1055 2216 1094 etc.
2238 1069 2246 1102 ;
2281 1053 2376 1094 ideo

650 1125 695 1166 in
718 1124 1029 1166 misericordia.

738 1195 1049 1235 Presentatum
1074 1197 1133 1234 cst
1159 1194 1201 1234 et
1220 1192 1467 1234 convictum
1490 1206 1565 1245 per
1589 1192 1762 1233 eosdem
1786 1192 1899 1245 quod
1921 1192 1988 1233 die
2004 1193 2018 1214 ‘²
2040 1191 2158 1233 Iouis
2181 1191 2377 1245 proxima

652 1266 754 1306 ante
777 1265 938 1305 festum
963 1262 1105 1304 sancti
1128 1261 1342 1303 iohannis
1365 1261 1565 1315 Baptiste
1589 1275 1705 1302 anno
1728 1261 1947 1302 tricesimo
1970 1264 2125 1302 octauo
2138 1275 2224 1302 vna
2239 1260 2377 1302 bestia

651 1337 780 1388 capta
822 1333 904 1374 fuit
940 1333 1020 1373 sub
1055 1346 1155 1385 sepe
1192 1331 1325 1372 castri
1360 1331 1411 1372 de
1449 1331 1723 1379 Rokenliam‚
1759 1344 1835 1383 per
1871 1330 2071 1371 homines
2105 1344 2288 1384 persone
2326 1330 2376 1371 de

651 1404 824 1445 Eston'.
909 1401 1145 1455 Inquisicio
1187 1401 1271 1441 fuit
1317 1401 1433 1442 facta
1474 1414 1550 1454 per
1593 1402 1781 1453 quatuor
1818 1400 1992 1441 villatas
2034 1400 2377 1453 propinquiores,

654 1473 832 1522 scilicet,
854 1471 1129 1519 Rokenham,
1156 1470 1310 1524 Corby‚
1336 1470 1537 1512 Gretton’
1563 1471 1604 1510 et
1629 1470 1782 1510 Keten’
1806 1484 1813 1517 ;
1849 1471 1891 1510 et
1918 1469 2019 1522 quia
2051 1483 2142 1510 non
2164 1471 2379 1510 venerunt

653 1541 849 1596 plenarie
877 1544 973 1590 etc„
997 1540 1092 1581 ideo
1125 1539 1169 1580 in
1203 1538 1518 1580 misericordia.
1582 1538 1642 1579 Et
1676 1538 1896 1579 forestarii
1929 1538 2079 1580 statim
2112 1541 2209 1591 post
2242 1538 2379 1591 capci-

654 1626 782 1654 onem
805 1611 917 1652 dicte
940 1610 1075 1651 bestie
1098 1609 1360 1650 insidiantes
1389 1622 1465 1661 per
1498 1610 1636 1649 totam
1660 1610 1833 1649 noctem
1856 1607 2076 1660 vigilando
2108 1607 2154 1648 in
2187 1608 2379 1649 crastina

655 1695 828 1722 summo
850 1694 980 1721 mane
1002 1679 1047 1719 in
1070 1692 1229 1720 aurora
1245 1677 1329 1719 diei
1343 1677 1611 1718 inuenerunt
1635 1679 1723 1718 tres
1738 1676 1940 1717 homines
1956 1679 1997 1718 et
2020 1679 2108 1717 tres
2130 1677 2379 1730 leporarios,

657 1764 843 1804 (1110111111
866 1751 1074 1803 ceperunt
1093 1762 1228 1789 vnum
1251 1747 1476 1789 hominem
1499 1746 1677 1788 nomine
1700 1746 1920 1799 Rogerum
1939 1745 2078 1786 filium
2100 1746 2307 1787 Edwardi
2330 1746 2381 1787 de

654 1820 971 1862 XVodeneuton‘
997 1833 1095 1859 cum
1120 1817 1287 1859 duobus
1310 1816 1536 1869 leporariis
1559 1815 1633 1869 qui
1654 1815 1816 1856 missus
1834 1815 1917 1856 fuit
1940 1815 1995 1856 ad
2017 1815 2241 1868 prisonam
2263 1815 2380 1868 apud

656 1890 887 1931 Norhamt'
926 1891 1123 1941 tempore
1158 1886 1360 1940 Hugonis
1395 1886 1446 1927 de
1482 1885 1673 1938 Maneby
1710 1887 1814 1925 tunc
1849 1884 2130 1926 vicecomitis.
2205 1885 2265 1926 Et
2299 1884 2381 1926 fuit

656 1959 921 2000 deliberatus
944 1971 1019 2011 per
1042 1957 1202 2005 breue;
1238 1957 1280 1996 et
1312 1957 1515 1995 mortuus
1547 1956 1612 1995 est
1645 1956 1686 1995 et
1720 1953 1966 1994 essoniatus
2000 1953 2051 1994 de
2084 1957 2253 2003 morte;
2287 1953 2382 1995 ideo

656 2029 791 2069 nichil
829 2029 881 2069 de
915 2026 1069 2080 plegiis
1103 2026 1207 2067 suis.
1271 2025 1430 2066 Postea
1462 2026 1676 2065 testatum
1714 2025 1778 2064 est
1813 2022 1927 2075 quod
1965 2022 2068 2063 dicti
2105 2023 2308 2077 leporarii
2341 2026 2383 2064 et

657 2098 799 2139 dictus
822 2098 1018 2150 Rogerus
1041 2096 1275 2136 defunctus
1308 2096 1351 2135 et
1385 2093 1459 2134 alii
1491 2106 1678 2146 quorum
1710 2092 1891 2133 nomina
1923 2092 2184 2144 ignorantur
2208 2092 2384 2134 fuerunt

657 2181 757 2208 cum
780 2166 969 2208 Roberto
991 2166 1146 2206 Bacun
1169 2164 1388 2217 persona3
1411 2163 1463 2204 de
1497 2163 1654 2203 Eston’
1678 2161 1723 2202 in
1747 2161 1960 2203 comitatu
1983 2161 2121 2211 Linc’,
2144 2162 2240 2203 ideo
2262 2176 2384 2203 man-

660 2237 814 2278 datum
847 2237 912 2277 est
948 2235 1152 2288 episcopo
1179 2234 1303 2274 Linc’
1337 2235 1417 2274 etc.
1449 2232 1563 2285 quod
1598 2231 1729 2272 faciat
1759 2233 1839 2272 eto.
1867 2230 1962 2271 die*1
1988 2230 2168 2272 Sabbati
2189 2231 2386 2283 proxima

659 2308 758 2361 post
792 2305 970 2347 octabas
1007 2303 1306 2357 apostolorum
1350 2301 1470 2359 Petri
1502 2303 1544 2342 et
1567 2300 1705 2342 Pauli.
1769 2300 1828 2341 Et
1862 2299 1964 2353 quia
1995 2300 2216 2341 Iohannes
2245 2301 2386 2341 Louet

661 2375 823 2417 dedixit
855 2374 1051 2415 rotulum
1074 2386 1205 2414 suum
1229 2371 1412 2412 dicendo
1446 2370 1560 2424 quod
1594 2370 1710 2411 dicta
1741 2369 1882 2410 bestia
1905 2383 1987 2422 (1110
2019 2369 2102 2410 fuit
2134 2371 2262 2423 capta
2293 2371 2386 2411 erat

661 2445 848 2499 quedam
872 2443 980 2492 ouis,
1015 2451 1057 2484 et
1090 2456 1220 2495 super
1252 2442 1334 2482 hoc
1366 2455 1441 2494 per
1473 2439 1717 2489 viridarios,
1750 2439 2003 2480 forestarios
2036 2441 2078 2480 et
2111 2439 2217 2480 alios
2250 2439 2385 2480 socios

662 2528 764 2556 suos
787 2513 1009 2554 convictus
1033 2514 1113 2561 est,
1138 2511 1233 2552 ideo
1265 2510 1310 2551 in
1342 2510 1534 2564 prisona.
1597 2510 1657 2550 Et
1679 2508 1862 2561 predicti
1885 2508 1970 2549 duo
1991 2507 2191 2549 homines
2224 2507 2386 2548 scilicet

662 2583 881 2625 Robertus
912 2594 1113 2635 persona,
1137 2579 1319 2621 clericus
1352 2581 1394 2620 et
1427 2579 1652 2620 Gilbertus
1674 2577 1836 2619 ianitor
1868 2576 1999 2618 castri
2031 2577 2083 2618 de
2115 2577 2385 2625 Bokenham,

665 2651 739 2705 qui
763 2651 983 2703 fugerunt,
1007 2652 1160 2703 postea
1182 2648 1422 2689 redierunt.
1486 2648 1568 2688 Per
1591 2647 1723 2688 breue
1745 2646 1912 2688 domini
1937 2646 1990 2686 E.
2015 2647 2066 2687 de
2089 2647 2258 2695 Bosco,⁵
2284 2648 2387 2687 tunc

665 2719 906 2761 iusticiario
949 2719 1121 2767 foreste,
1157 2716 1383 2758 deliberati
1416 2717 1595 2757 fuerunt
1627 2729 1702 2768 per
1733 2715 1917 2756 ballium
1949 2715 2137 2756 Radulfo
2169 2714 2389 2767 Hutting’.

667 2790 728 2829 Et
750 2790 901 2841 postea
934 2789 1145 2828 testatum
1170 2788 1234 2827 est
1257 2786 1371 2839 quod
1394 2785 1624 2839 inquisicio
1648 2785 1730 2826 fuit
1753 2785 1868 2825 facta
1890 2785 1990 2825 inde
2023 2799 2168 2826 coram
2200 2784 2392 2838 predicto

669 2858 723 2899 E.
743 2858 794 2898 (10
809 2858 960 2905 Bosco,
978 2870 1059 2909 (1110
1082 2855 1313 2909 inquisicio
1336 2854 1578 2908 aquietauit
1602 2853 1817 2907 predictos
1840 2853 2040 2894 homines
2063 2855 2105 2895 et
2127 2853 2362 2907 leporarios
2381 2866 2391 2901 3

670 2926 767 2967 ideo
790 2925 925 2966 nichil
949 2925 1001 2966 de
1024 2924 1130 2978 ipsis
1154 2938 1231 2965 nec
1256 2924 1306 2964 de
1329 2923 1480 2977 plegiis
1504 2936 1667 2965 eorum.

860 3092 864 3109 ¹
894 3092 955 3124 See
973 3102 1003 3130 p.
1024 3092 1095 3122 10¹3.
1343 3090 1353 3107 ’·“
1378 3091 1417 3121 13
1436 3091 1524 3121 June
1544 3090 1639 3121 1251.
1861 3090 1872 3105 ³
1901 3089 1973 3119 MS.
1991 3093 1998 3104 ⁴
2013 3089 2178 3127 persone.'

1027 3136 1032 3152 ¹
1059 3137 1099 3165 10
1117 3134 1195 3174 -111117
1215 3135 1308 3164 1255.
1665 3135 1675 3150 ⁵
1702 3133 1762 3165 See
1780 3143 1811 3173 p.
1832 3134 1882 3169 15,
1900 3135 1979 3163 note
1997 3134 2025 3162 2.
