2421 3529
463 273 524 319 46
718 281 1026 318 SELECTioNs
1061 281 1201 316 FROM
1237 281 1340 316 THE
1376 280 1567 315 FOREST
1602 281 1739 315 EYRE
1776 281 1936 317 ROLLS

460 409 600 448 neque
623 394 809 445 stabilis,
832 408 908 448 per
932 408 976 437 se
998 393 1145 448 ipsum
1167 395 1210 435 et
1232 393 1395 435 amicos
1415 406 1515 435 suos
1533 393 1634 435 fecit
1652 395 1828 435 tantum
1846 407 1948 447 erga
1962 394 2189 436 dominum

461 478 607 517 regem
630 464 874 518 predictum
897 464 1012 517 quod
1034 464 1150 505 idem
1173 476 1246 504 rex
1269 462 1435 504 dimisit
1457 462 1597 504 eidem
1619 463 1749 505 Petro
1772 463 2015 516 predictam
2047 467 2189 506 custo-

461 534 579 574 diam
604 535 763 575 foreste
786 533 837 574 de
868 532 1080 574 comitatu
1107 532 1236 586 Leyc’
1270 533 1311 573 et
1344 532 1575 573 Roteland'
1614 546 1692 585 pro
1728 532 1930 574 habendo
1964 535 2190 574 mortuum

461 603 641 644 boscum
664 606 706 644 et
729 602 892 643 siccum
915 602 967 643 de
990 602 1167 643 bruellis
1189 601 1304 655 regis
1322 601 1368 642 in
1386 601 1598 643 comitatu
1620 601 1850 643 Roteland’
1874 601 2093 644 reddendo
2115 616 2192 655 per

461 685 629 713 annum
648 671 739 724 regi
761 671 815 713 ad
839 671 1106 712 scaccarium
1126 684 1256 712 suum
1274 670 1567 723 quadraginta
1590 670 1764 712 solidos.
1808 670 1930 712 Idem
1945 671 2102 712 Petrus
2118 671 2192 725 qui

460 752 536 792 per
568 740 748 792 longum
781 741 955 793 tempus
988 738 1111 789 uixit,
1145 738 1307 781 scilicet
1345 752 1483 791 usque
1515 738 1571 780 ad
1607 740 1783 791 tempus
1819 737 1933 791 regis
1964 738 2190 788 Iohannis,

460 810 600 850 totam
644 808 869 859 balliuam,
917 810 965 850 ut
1011 808 1371 862 prenominatum
1417 810 1497 858 est,
1550 821 1626 861 per
1680 806 1926 860 predictum
1970 807 2191 850 redditum

461 877 618 919 tenuit.
680 877 857 919 Mortuo
879 877 1030 919 eodem
1053 878 1196 927 Petro,
1220 877 1484 919 Hascullus¹
1510 876 1625 917 filius
1656 875 1749 918 eius
1775 876 1958 919 eandem
1980 876 2192 918 balliuam

460 960 486 987 a
508 945 623 988 dicto
646 959 745 999 rege
774 946 972 988 Iohanne
1001 946 1163 999 recepit
1195 959 1273 999 pro
1304 945 1497 999 predicto
1529 945 1703 987 redditu
1734 944 1969 995 reddendo,
1995 944 2068 998 qui
2094 959 2191 987 eam

460 1013 678 1067 integram
702 1014 953 1064 custodiuit,
979 1014 1114 1056 donec
1137 1014 1342 1056 dominus
1364 1013 1585 1056 Henricus
1607 1027 1680 1055 rex
1710 1012 1784 1067 qui
1815 1027 1933 1055 nunc
1963 1015 2028 1054 est
2052 1016 2191 1056 totam

460 1084 668 1125 forestam
692 1083 744 1125 de
766 1083 979 1125 comitatu
1012 1083 1141 1137 Leyc'
1174 1097 1253 1137 pro
1285 1083 1514 1125 uoluntate
1544 1096 1623 1124 sua
1646 1082 1975 1124 deafforestauit
1991 1083 2005 1104 ²
2028 1081 2191 1124 scilicet

460 1165 578 1194 anno
600 1152 724 1205 regni
755 1152 824 1194 sui
856 1152 1022 1194 decimo
1061 1166 1190 1194 nono.
1254 1152 1511 1195 Custodiam
1547 1165 1651 1194 uero
1694 1152 1852 1193 foreste
1888 1151 1940 1192 de
1977 1151 2191 1193 comitatu

460 1221 690 1263 Roteland’
715 1221 856 1263 dictus
879 1222 1117 1264 Hascullus
1140 1223 1232 1264 toto
1254 1223 1451 1275 tempore
1474 1221 1564 1264 uite
1588 1234 1664 1263 sue
1697 1220 1937 1263 custodiuit
1970 1234 2103 1274 Vsque
2135 1221 2191 1262 ad

462 1304 631 1332 annum
667 1290 966 1333 coronacionis
1005 1291 1172 1333 domini
1206 1291 1321 1345 regis
1363 1290 1545 1332 Henrici
1587 1290 1661 1344 qui
1702 1303 1820 1331 nunc
1863 1291 1928 1331 est
1971 1289 2191 1331 tricesimo

461 1359 595 1401 tercio
614 1374 624 1409 ;
658 1372 743 1412 quo
773 1359 949 1412 quidem
982 1373 1098 1401 anno
1130 1360 1245 1401 idem
1277 1359 1516 1401 Hascullus
1552 1358 1742 1400 reddidit
1777 1371 1821 1400 se
1857 1357 2069 1411 religioni.
2130 1358 2191 1399 Et

460 1427 576 1469 idem
599 1427 803 1469 dominus
826 1442 899 1469 rex
922 1431 1027 1469 tunc
1051 1428 1214 1470 dictam
1237 1428 1464 1478 balliuam,
1489 1427 1652 1469 scilicet
1685 1426 1929 1469 custodiam
1957 1427 2116 1469 foreste
2139 1427 2191 1468 de

461 1496 673 1538 comitatu
697 1497 942 1547 Rotekmd’,
967 1498 1097 1539 Petro
1112 1498 1127 1520 3
1150 1497 1202 1539 (16
1225 1497 1382 1539 Neuill’
1406 1496 1496 1539 filio
1524 1496 1710 1551 predicti
1741 1495 1942 1538 Hasculli
1974 1496 2191 1545 conmisit,

460 1564 535 1618 qui
556 1578 653 1607 eam
676 1565 805 1607 modo
827 1565 1030 1607 custodit.
1096 1566 1171 1609 Set
1194 1566 1308 1619 quod
1338 1565 1455 1607 idem
1479 1566 1638 1607 Petrus
1671 1567 1747 1606 aut
1780 1563 1937 1618 aliquis
1969 1564 2190 1618 predeces-

462 1647 611 1676 sorum
635 1647 816 1676 suorum
840 1634 1034 1688 aliquam
1058 1636 1226 1676 cartam
1249 1634 1506 1676 feofamenti
1529 1634 1580 1676 de
1602 1634 1797 1688 predicta
1814 1633 1979 1675 balliua
1995 1647 2191 1687 unquam

460 1703 686 1745 habuisset
728 1703 954 1745 nessciunt
995 1703 1180 1758 predicti
1221 1703 1452 1746 iuratores.
1534 1704 1591 1745 Et
1633 1703 1860 1745 duodecim
1898 1706 1989 1744 tam
2030 1702 2191 1745 milites

460 1785 593 1826 quam
615 1771 739 1825 probi
761 1774 804 1815 et
825 1772 986 1825 legales
1008 1772 1207 1814 homines
1231 1773 1283 1814 de
1305 1772 1517 1814 comitatu
1539 1772 1655 1814 Leic’
1679 1771 1813 1814 iurati
1835 1773 1877 1814 et
1909 1771 2107 1825 requisiti
2139 1772 2191 1814 de

460 1842 664 1884 omnibus
686 1842 914 1896 particulis
936 1843 1145 1896 predictis
1168 1845 1210 1884 et
1234 1843 1286 1884 de
1308 1846 1464 1884 tenura
1486 1843 1842 1896 predecessorum
1865 1842 1970 1883 (11611
1992 1842 2190 1883 Hasculli

461 1912 513 1953 de
536 1911 693 1953 Neuill’
717 1913 759 1953 61
781 1910 918 1953 eciam
940 1911 1079 1965 ipsius
1100 1911 1301 1953 Hasculli
1323 1913 1365 1953 61
1389 1911 1440 1953 (16
1463 1911 1663 1965 ingressu
1685 1910 1923 1952 eorundem
1956 1910 2002 1951 in
2035 1911 2190 1952 forest-

462 1980 601 2022 ariam
624 1980 865 2033 predictam
889 1980 1092 2022 dixerunt
1116 1982 1157 2022 et
1180 1980 1502 2022 concordarunt
1526 1993 1569 2022 se
1587 1979 1633 2020 in
1651 1979 1855 2021 omnibus
1871 1992 1969 2020 cum
1983 1979 2189 2033 predictis

462 2048 618 2102 viginti
640 2050 682 2090 et
705 2050 892 2102 quatuor
915 2048 1070 2090 iuratis
1095 2049 1146 2090 de
1168 2049 1381 2091 comitatu
1402 2048 1633 2090 Roteland'
1670 2047 1783 2090 sicut
1814 2047 2059 2101 predictum
2092 2050 2157 2089 est
2177 2063 2187 2098 ;

460 2118 574 2159 vnde
616 2119 872 2171 preceptum
915 2117 998 2159 fuit
1044 2131 1120 2170 per
1173 2117 1390 2171 predictos
1442 2117 1707 2159 iusticiarios
1751 2116 1983 2166 viridariis,
2027 2116 2189 2158 scilicet

462 2186 657 2228 Henrico
680 2185 882 2227 Murdak’
908 2187 949 2228 et
972 2186 1101 2228 Petro
1125 2186 1176 2228 de
1191 2186 1503 2240 pringham,
1527 2186 1602 2240 qui
1623 2186 1766 2228 adhuc
1789 2187 1893 2228 sunt
1915 2186 2123 2236 viridarii,
2148 2188 2191 2228 et

459 2254 675 2297 Willelmo
693 2255 744 2296 de
763 2254 914 2297 Castre
938 2254 1011 2308 qui
1034 2254 1117 2297 fuit
1134 2255 1368 2297 viridarius
1392 2270 1417 2297 a
1439 2257 1635 2309 tempore
1657 2255 1827 2297 itineris
1847 2254 2030 2308 predicti
2052 2245 2190 2308 usque

460 2324 515 2365 ad
537 2323 618 2365 iter
633 2323 840 2366 Willelmi
862 2323 1058 2366 Britonis
1081 2326 1123 2366 et
1147 2324 1363 2366 sociorum
1382 2338 1562 2366 suorum
1581 2325 1736 2366 ultimo
1759 2324 2068 2366 itinerancium
2087 2326 2190 2366 ante

459 2405 577 2433 nunc
592 2392 647 2434 ad
660 2392 823 2445 placita
838 2393 994 2434 foreste
1013 2392 1058 2433 in
1076 2393 1290 2435 comitatu
1307 2393 1553 2444 Rotoland',
1571 2394 1684 2447 quod
1700 2395 1856 2436 extunc
1873 2393 2189 2447 responderent
2210 2416 2213 2418 Δ

460 2460 637 2503 (101111110
659 2461 749 2514 regi
771 2461 822 2502 de
844 2461 1049 2503 omnibus
1070 2461 1276 2514 proficuis
1298 2462 1657 2515 prouenientibus
1680 2462 1731 2504 de
1764 2463 1924 2504 foresta
1955 2462 2185 2503 Roteland'

461 2529 595 2570 saluis
619 2532 767 2571 tamen
783 2530 1010 2572 forestario
1028 2530 1079 2572 (16
1095 2531 1217 2572 feodo
1233 2530 1498 2584 chiminagio
1517 2531 1673 2581 debito,
1690 2530 2012 2585 expeditacione
2027 2544 2186 2572 canum

460 2597 564 2640 locis
587 2597 743 2640 debitis
767 2599 809 2640 et
831 2600 1005 2639 mortuo
1027 2600 1069 2640 et
1093 2598 1204 2640 sicco
1227 2598 1369 2650 bosco,
1395 2599 1469 2653 qui
1490 2602 1634 2654 potest
1656 2599 1799 2653 colligi
1821 2600 1911 2642 sola
1933 2613 2070 2641 manu
2094 2598 2187 2641 sine

507 2722 513 2738 ¹
541 2721 688 2752 Hasculf
707 2721 792 2762 (also
817 2721 926 2753 called
943 2721 1052 2762 Haeo)
1075 2723 1109 2754 of
1133 2722 1292 2754 Allexton
1362 2723 1471 2755 lation
1495 2723 1530 2755 of
1554 2723 1614 2755 the
1638 2724 1744 2755 forest
1767 2723 1904 2763 printed
1932 2733 1976 2755 on
1993 2733 2025 2764 p.
2042 2725 2084 2755 53
2111 2723 2189 2755 that

460 2775 529 2796 was
568 2766 754 2805 appointed
794 2765 835 2805 by
867 2766 986 2796 letters
1025 2768 1158 2805 patent,
1190 2767 1293 2798 dated
1361 2777 1381 2798 a
1406 2767 1506 2798 small
1531 2767 1666 2807 portion
1683 2768 1718 2799 of
1741 2767 1800 2799 the
1816 2770 1943 2808 county
1960 2769 1994 2800 of
2016 2767 2190 2800 Leicester

461 2810 501 2840 29
519 2809 609 2839 June
627 2810 722 2840 1220.
771 2809 832 2840 See
849 2809 923 2840 Pat.
940 2809 1018 2840 Roll
1036 2811 1088 2847 21,
1105 2820 1150 2840 m.
1168 2811 1198 2840 4.
1360 2811 1537 2842 remained
1554 2812 1670 2842 forest.

506 2853 518 2869 ²
542 2853 594 2883 On
627 2854 669 2883 20
700 2852 874 2893 February
908 2853 989 2894 123}
1020 2853 1079 2884 the
1111 2853 1193 2893 king
1224 2854 1290 2885 dis·
1404 2856 1415 2872 ³
1440 2855 1493 2886 On
1517 2857 1536 2885 8
1560 2855 1715 2894 January
1744 2854 1824 2896 1243
1852 2854 1911 2885 the
1938 2854 2020 2894 king
2047 2854 2190 2895 granted

461 2895 642 2927 afl'orested
673 2895 719 2926 all
750 2895 828 2927 that
856 2898 932 2935 part
957 2897 991 2927 of
1022 2896 1081 2928 the
1105 2899 1232 2938 county
1257 2898 1291 2929 of
1360 2897 1419 2929 the
1452 2898 1595 2939 custody
1619 2899 1654 2929 of
1685 2898 1744 2929 the
1775 2899 1880 2929 forest
1905 2898 1939 2929 of
1969 2898 2121 2930 Rutland
2153 2900 2189 2929 to

460 2939 631 2971 Leieester
659 2939 783 2976 which,
814 2940 850 2970 in
883 2939 1091 2972 accordance
1123 2940 1205 2971 with
1231 2941 1290 2972 the
1359 2941 1513 2973 william
1539 2943 1574 2973 of
1605 2941 1861 2981 Northampton
1886 2941 2010 2981 during
2034 2942 2190 2982 pleasure

460 2983 654 3022 provisions
686 2984 721 3014 of
759 2983 817 3014 the
854 2983 958 3014 Great
990 2983 1134 3015 Charter
1165 2984 1199 3015 of
1231 2984 1290 3015 the
1360 2985 1497 3025 (Patent
1528 2985 1605 3016 Roll
1640 2986 1692 3022 58,
1724 2995 1769 3015 m.
1797 2985 1842 3025 8),
1876 2985 1944 3016 and
1977 2995 2021 3016 on
2058 2987 2074 3015 1
2110 2986 2190 3025 May

462 3027 592 3063 Forest,
620 3027 727 3065 ought
759 3029 793 3058 to
822 3026 910 3058 have
939 3027 1022 3058 been
1052 3028 1288 3059 disasforested
1358 3030 1442 3060 1219
1468 3029 1511 3059 he
1535 3028 1677 3068 granted
1695 3028 1800 3060 seisin
1825 3029 1860 3060 of
1885 3029 1944 3059 the
1969 3028 2137 3060 bailiwick
2154 3029 2190 3059 of

463 3070 620 3110 (Chartor
650 3071 727 3101 lioll
759 3072 812 3107 29,
844 3081 889 3101 111.
920 3071 984 3111 15).
1048 3072 1101 3102 116
1133 3071 1190 3101 did
1230 3074 1290 3103 not
1359 3072 1417 3102 the
1444 3082 1537 3103 sanie
1566 3073 1671 3103 forest
1700 3075 1734 3104 to
1752 3073 1852 3104 Peter
1868 3071 1909 3104 de
1927 3072 2058 3104 Neville
2077 3073 2190 3113 (Close

461 3115 633 3154 expressly
665 3115 859 3145 disail'orest
898 3114 956 3145 the
996 3114 1103 3146 whole
1142 3118 1288 3155 county;
1357 3115 1569 3154 R01163,n1.
1589 3117 1654 3157 10).

460 3158 529 3189 and
545 3158 668 3189 indeed
686 3159 712 3189 it
729 3158 757 3189 is
774 3158 911 3190 cvidcnt
929 3160 1016 3189 110111
1034 3159 1091 3190 the
1108 3159 1286 3198 perambu-
