2421 3529
204 448 388 472 responsurus

205 481 257 499 est.

204 1118 241 1141 mi
248 1118 313 1142 sori-

203 1158 256 1175 cor·
263 1152 308 1176 iia.

203 1316 312 1340 miseri-

203 1351 308 1375 cordia.

209 2089 375 2113 mandatum

207 2125 259 2147 est.

442 216 502 261 14
697 225 1003 260 SELEOTIONS
1037 225 1177 260 FROM
1213 226 1316 261 THE
1352 221 1542 260 FOREsT
1579 222 1718 256 EYRE
1752 222 1912 256 ROLLs

440 353 640 380 summus
683 339 946 380 senescallus
989 339 1147 380 foreste
1189 339 1344 382 habuit
1379 338 1516 380 dictos
1553 334 1791 389 leporarios
1825 335 1876 376 de
1911 335 2068 389 quibus
2102 337 2168 377 est

439 423 746 463 responsurus.

528 478 540 500 1
552 479 861 519 Presentatum
877 479 941 518 est
956 491 1031 530 per
1050 477 1303 518 forestarios
1319 476 1398 532 [et]
1414 474 1643 518 viridarios
1658 473 1772 527 quod
1786 487 1898 514 vnus
1913 474 2167 527 capellanus

438 550 480 589 et
504 550 671 601 septem
694 546 837 588 clerici
860 546 1032 588 inuenti
1055 546 1234 587 fuerunt
1257 560 1356 586 cum
1380 545 1569 587 arcubus
1601 545 1643 584 et
1677 542 1850 595 sagittis
1872 543 1918 583 in
1941 542 2076 595 regali
2098 542 2168 583 via

438 617 554 657 infra
586 617 809 657 forestam.
874 614 1002 668 Capti
1034 614 1214 655 fuerunt
1246 629 1322 668 per
1357 613 1609 655 forestarios
1631 626 1707 665 per
1731 612 2037 665 suspicionem,
2062 625 2169 665 quos

437 686 568 738 Hugo
592 685 643 726 de
666 684 898 726 Goldinha’
924 684 1188 724 senescallus
1205 684 1218 706 ²
1236 684 1395 724 foreste
1417 683 1462 723 in
1486 681 1665 735 prisona
1686 680 1886 722 retinuit.
1933 682 1993 722 Et
2017 683 2169 734 postea

436 755 532 796 illos
554 754 758 795 liberauit
784 753 995 807 Symoni3
1018 753 1069 794 de
1092 753 1283 806 Hogton⁷
1309 755 1414 794 tunc
1437 750 1682 793 vicecomiti
1704 750 1925 791 Huntind’
1950 750 2025 803 qui
2051 750 2169 804 ipsos

437 824 733 878 inprisonauit
756 823 798 864 in
819 823 997 876 prisona
1013 823 1233 865 Cantebr’.
1287 823 1347 864 Et
1370 823 1522 875 postea
1543 834 1691 862 coram
1714 820 1926 873 magistro
1951 819 2169 873 Symone4

437 895 489 935 de
530 894 735 936 Wauton’
775 894 817 934 et
852 892 978 934 sociis
1017 892 1108 933 suis
1150 891 1405 933 iusticiariis
1443 888 1757 931 itinerantibus
1796 888 1912 942 apud
1944 888 2167 929 Huntind’

438 962 665 1005 deliberati
697 964 875 1004 fuerunt
907 962 1126 1003 Roberto⁵
1149 964 1254 1003 tunc
1277 961 1400 1002 Linc’
1429 960 1630 1014 episcopo
1653 961 1867 1011 tanquam
1890 957 2046 998 clerici.
2108 958 2169 999 Et

438 1033 541 1088 quia
571 1033 713 1073 dictus
748 1032 914 1086 Symon
946 1034 1052 1072 tunc
1085 1031 1324 1072 vicecomes
1367 1044 1457 1071 non
1490 1028 1719 1070 intimauit
1752 1027 1880 1069 dictis
1913 1026 2168 1068 iusticiariis

439 1103 554 1156 quod
577 1102 695 1155 capti
718 1103 866 1143 essent
902 1101 947 1141 in
981 1101 1144 1141 foresta
1178 1114 1254 1153 per
1288 1099 1542 1141 forestarios
1574 1112 1653 1151 pro
1683 1097 1917 1138 malefacto
1949 1098 1991 1137 et
2024 1098 2167 1138 trans-

438 1171 674 1225 gressione,
714 1170 810 1211 ideo
852 1170 898 1210 in
940 1169 1254 1210 misericordia.
1317 1169 1377 1209 Et
1420 1167 1522 1221 quia
1558 1167 1724 1220 Symon
1757 1166 1809 1207 de
1842 1165 2168 1219 Copmanford’,

437 1241 686 1290 viridarius,
703 1239 772 1281 cui
787 1253 915 1281 arcus
938 1241 980 1281 et
1003 1239 1162 1292 sagitte
1176 1238 1331 1280 traditi
1356 1238 1551 1286 fuerunt,
1572 1236 1686 1290 quod
1709 1235 1805 1276 illos
1823 1235 2005 1277 haberet
2021 1249 2168 1277 coram

438 1311 707 1360 iusticiariis‚
732 1313 774 1352 et
797 1309 926 1351 modo
949 1323 1037 1350 non
1060 1309 1231 1356 habuit,
1255 1308 1351 1349 ideo
1373 1307 1418 1348 in
1441 1305 1757 1348 misericordia.

526 1382 837 1422 Presentatum
880 1381 945 1421 est
987 1393 1063 1432 per
1107 1379 1358 1420 forestarios
1401 1379 1443 1418 et
1476 1375 1705 1418 viridarios
1743 1375 1857 1429 quod
1892 1374 1992 1416 die6
2027 1373 2170 1416 sancti

438 1450 650 1492 Iohannis
683 1448 884 1502 Baptiste
930 1450 1028 1501 post
1066 1447 1303 1501 prandium
1338 1446 1548 1488 inuentus
1586 1445 1669 1485 fuit
1703 1444 1883 1498 quidam
1924 1443 2168 1498 leporarius

439 1533 618 1561 currens
641 1521 739 1573 post
762 1532 896 1559 vnam
919 1517 1119 1558 herdiam
1143 1516 1400 1566 bestiarum,
1425 1529 1554 1569 quem
1577 1514 1844 1568 leporarium
1874 1513 2094 1555 Henricus
2117 1513 2169 1554 de

439 1588 796 1630 Hecmundecote
818 1590 923 1628 tunc
946 1586 1203 1628 forestarius
1225 1586 1356 1639 pedes
1379 1585 1506 1638 cepit.
1568 1584 1629 1625 Et
1653 1583 1803 1625 statim
1827 1583 2006 1637 quidam
2024 1582 2169 1636 garcio

440 1661 650 1712 sequutus
675 1657 756 1699 fuit
779 1657 945 1698 dictum
967 1655 1250 1710 leporarium,
1275 1669 1404 1708 quem
1428 1653 1682 1707 garcionem
1707 1652 1909 1694 similiter
1931 1653 2045 1706 cepit
2068 1666 2168 1693 cum

439 1743 523 1769 vno
566 1741 702 1769 cornu
745 1728 786 1768 et
830 1728 997 1779 septem
1041 1724 1229 1777 sagittis.
1291 1724 1351 1764 Et
1393 1723 1539 1777 ipsum
1575 1724 1616 1764 et
1653 1721 1920 1775 leporarium
1956 1721 2078 1762 duxit
2112 1721 2167 1762 ad

438 1797 684 1851 hospicium
725 1794 933 1838 Willelmi
975 1795 1026 1835 de
1064 1794 1265 1847 Radiug’,
1304 1792 1471 1834 domini
1506 1791 1574 1833 sui
1608 1791 1828 1832 forestarii
1862 1790 2049 1844 equitis3
2091 1789 2165 1843 qui

440 1867 690 1920 garcionem
733 1868 775 1907 et
816 1865 1084 1918 leporarium
1126 1877 1205 1917 pro
1237 1877 1286 1905 eo
1319 1863 1434 1916 quod
1467 1862 1646 1903 fuerunt
1680 1861 1730 1902 de
1763 1860 1892 1902 domo
1925 1863 1967 1902 et
2000 1860 2168 1902 familia

440 1935 642 1990 magistri
677 1934 881 1989 Symonis
917 1934 968 1974 de
1002 1934 1225 1983 lVautonss
1250 1935 1356 1974 tunc
1390 1931 1617 1973 existentis
1651 1930 1884 1972 iusticiarii
1916 1929 2168 1972 itinerantis

441 2007 557 2060 apud
580 2005 746 2055 Hund’,
769 2004 892 2045 duxit
926 2003 981 2045 ad
1013 2002 1260 2056 hospicium
1293 2001 1399 2043 dicti
1430 1999 1633 2054 magistri
1668 1999 1890 2053 Symonis,
1915 2001 1957 2040 et
1990 1999 2107 2053 ipsos
2130 1998 2170 2040 ei

439 2075 658 2117 liberauit.
721 2074 823 2115 Ideo
857 2072 1148 2114 mandatum⁷
1186 2073 1251 2113 est
1284 2070 1528 2113 vicecomiti
1560 2069 1672 2111 Buk’
1708 2069 1822 2123 quod
1853 2068 2002 2111 venire
2034 2069 2169 2110 faciat

441 2144 722 2186 Gralfridum8
745 2143 797 2184 de
830 2142 1104 2195 Childewyc'‚
1128 2144 1234 2182 tunc
1268 2140 1557 2182 senescallum
1590 2139 1763 2188 foreste,
1795 2138 1875 2180 sub
1908 2152 1992 2191 quo
2027 2137 2169 2178 dictus

439 2214 682 2256 Willelmus
700 2213 751 2254 de
769 2211 953 2264 Rading’
971 2211 1067 2260 fuit,
1085 2224 1231 2252 coram
1249 2208 1502 2251 iusticiariis
1517 2208 1532 2231 ⁹
1547 2209 1627 2249 etc.
1643 2207 1711 2248 die
1724 2207 1905 2249 Veneris
1923 2207 1951 2230 ¹0
1972 2205 2170 2260 proxima

440 2285 538 2337 post
562 2283 722 2324 festum
746 2281 887 2323 sancti
909 2280 1111 2322 Barnabe
1135 2279 1334 2334 apostoli.
1397 2278 1462 2320 Ad
1485 2277 1601 2319 diem
1633 2290 1722 2319 non
1753 2276 1888 2327 venit,
1912 2275 2008 2318 ideo
2042 2289 2167 2317 man-

442 2353 596 2394 datum
619 2354 684 2393 est
707 2351 884 2393 iterum.

531 2420 755 2464 Galfridus
789 2419 906 2460 filius
947 2417 1077 2460 Alani
1112 2418 1163 2459 de
1203 2417 1432 2472 Sybetorp’
1481 2417 1710 2470 suspectus
1748 2415 1800 2457 de
1852 2414 2084 2456 malefacto
2121 2413 2168 2454 in

443 2491 604 2533 foresta
646 2503 746 2531 cum
788 2502 893 2530 arcu
935 2490 977 2529 et
1020 2487 1192 2541 sagittis
1226 2486 1373 2536 venit3
1408 2488 1450 2528 et
1484 2485 1723 2539 requisitus
1761 2483 1948 2538 qualiter
1986 2497 2030 2525 se
2064 2482 2170 2525 velit

489 2607 497 2625 ¹
524 2606 585 2638 See
602 2615 634 2645 p.
652 2607 703 2637 79.
1383 2603 1393 2619 ⁷
1418 2602 1458 2632 In
1477 2601 1573 2632 these
1597 2600 1679 2631 rolls
1705 2599 1930 2631 ‘mandatum
1946 2599 1953 2613 ’
1979 2607 2099 2629 means
2126 2607 2170 2628 an

488 2652 500 2668 2
526 2651 587 2681 See
604 2660 636 2689 p.
656 2651 707 2686 ll,
725 2650 803 2679 note
821 2649 850 2680 7.

489 2696 500 2712 ³
526 2695 645 2726 Simon
685 2694 719 2724 of
758 2691 947 2731 Houghton
979 2701 1047 2722 was
1079 2690 1198 2721 sheriff
1236 2691 1270 2721 of

445 2737 673 2777 Huntingdon
691 2736 759 2768 and
777 2735 978 2772 Cambridge
992 2736 1078 2766 from
1093 2736 1111 2766 6
1127 2735 1271 2765 October

448 2784 530 2813 1251
564 2784 599 2812 to
633 2783 672 2813 17
705 2780 850 2812 October
883 2780 977 2810 1253.
1033 2780 1094 2811 See
1126 2779 1206 2810 Lsist
1238 2779 1275 2819 of

448 2826 605 2866 Slze'J-iffs.

493 2873 503 2889 ⁴
530 2870 649 2901 Simon
667 2868 701 2899 of
725 2868 864 2899 XValton
882 2877 949 2898 was
966 2866 1167 2905 itinerating
1189 2865 1270 2896 with

447 2914 545 2945 other
562 2913 703 2952 justices
721 2914 755 2943 at
774 2911 1002 2947 Huntingdon
1029 2912 1116 2941 from
1135 2912 1174 2941 25
1193 2911 1273 2949 May

448 2961 482 2989 to
500 2960 540 2988 23
559 2958 648 2988 June
667 2958 762 2987 1253.
804 2956 865 2987 See
890 2956 971 2986 Feet
996 2955 1030 2986 os
1054 2955 1167 2991 Fines,
1187 2954 1273 2985 Case

449 3004 503 3037 92,
521 3001 595 3032 File
614 3002 664 3031 10.

493 3047 504 3063 ⁵
528 3045 613 3075 This
629 3055 697 3075 was
714 3043 772 3074 the
790 3043 979 3074 illustrious
996 3043 1121 3074 Robert
1134 3042 1270 3074 Grosse-

448 3090 527 3124 tete,
546 3089 668 3128 bishop
685 3089 720 3119 of
736 3087 892 3118 Lincoln.

492 3136 503 3150 ⁸
528 3134 568 3163 24
586 3134 675 3163 ‚June
694 3133 789 3163 1253.

1338 2646 1435 2678 order
1453 2648 1527 2676 sent
1544 2648 1578 2676 to
1596 2655 1615 2675 a
1627 2654 1752 2684 person
1766 2647 1826 2674 not
1838 2645 1975 2683 present
1990 2654 1996 2679 ;
2015 2646 2169 2681 ‘precep-

1338 2691 1435 2726 tum,’
1469 2700 1512 2721 an
1544 2689 1642 2719 order
1665 2689 1765 2728 given
1790 2691 1824 2718 to
1849 2697 1869 2718 a
1892 2696 2015 2727 person
2040 2685 2115 2716 who
2140 2686 2169 2716 is

1338 2736 1487 2774 present.
1535 2733 1607 2764 The
1625 2732 1826 2763 distinction
1850 2732 1879 2763 is
1903 2730 2097 2770 accurately
2114 2729 2169 2760 ob-

1341 2777 1470 2809 served.

1386 2824 1396 2840 ²³
1421 2821 1530 2851 There
1556 2820 1586 2851 is
1612 2830 1656 2850 no
1684 2819 1877 2851 enrolment
1901 2818 1936 2849 in
1962 2817 2021 2848 the
2045 2817 2169 2848 Patent

1341 2866 1437 2896 Rolls
1469 2865 1504 2895 of
1535 2864 1594 2895 the
1624 2864 1864 2903 appointment
1893 2863 1927 2893 of
1955 2861 2112 2900 Geofi'rey
2136 2861 2171 2891 of

1343 2908 1533 2940 Childwick
1551 2919 1588 2939 as
1616 2907 1760 2939 steward
1778 2908 1811 2938 of
1839 2906 1897 2937 the
1922 2905 2091 2936 bailiwick
2116 2904 2169 2935 be-

1342 2956 1451 2984 tween
1470 2952 1597 2984 Oxford
1615 2951 1683 2982 and
1702 2950 1875 2983 Stamford
1893 2949 2036 2988 bridges.
2084 2949 2115 2978 It
2140 2947 2169 2978 is

1342 2997 1503 3037 probable
1530 2996 1618 3031 that,
1638 2995 1705 3026 like
1733 2994 1838 3034 Hugh
1863 2995 1897 3024 of
1926 2992 2168 3032 Goldingham‚

1340 3042 1384 3072 he
1401 3051 1469 3071 was
1486 3041 1566 3080 only
1583 3050 1602 3070 a
1619 3039 1745 3079 deputy
1763 3037 1916 3070 steward.

1385 3087 1396 3102 ⁹
1422 3085 1492 3115 MS.
1512 3084 1630 3115 ‘istic.'

1376 3130 1398 3147 ¹⁰
1425 3131 1464 3159 l&
1482 3129 1570 3159 June
1589 3128 1683 3158 1255.
