2421 3529
247 631 294 648 ccc
309 625 337 648 li.

486 281 548 328 45
741 291 1049 327 SELECTIONS
1085 291 1226 327 FROM
1261 291 1363 326 THE
1399 291 1590 326 FOREST
1626 291 1763 326 EYRE
1800 291 1962 327 ROLLS

485 403 742 446 sustinenda
765 404 819 446 ad
842 404 1074 446 carbonem
1098 403 1342 445 faciendam
1372 417 1454 457 que
1486 404 1602 445 facta
1634 403 1812 445 fuerunt
1843 403 1889 444 in
1920 403 2083 446 balliua
2114 417 2207 458 pre-

485 473 590 515 dicti
613 474 730 515 Petri
753 474 806 514 ad
829 487 937 527 opus
952 473 1089 526 ipsius
1104 473 1224 514 Petri
1242 473 1293 514 de
1312 475 1479 526 septem
1494 472 1670 514 milibus
1688 486 1926 525 quercuum
1944 474 1986 514 et
2003 473 2209 514 roborum

485 546 526 583 et
548 542 735 583 aliarum
759 542 965 583 arborum
988 544 1029 583 et
1052 541 1496 595 amplius-precium
1529 540 1759 582 cuiuslibet
1791 555 1976 594 quercus
2012 542 2205 583 roboris¹

482 614 524 651 et
557 610 723 651 arboris
756 610 985 651 duodecim
1027 610 1208 651 denarii.
1274 610 1456 653 Summa
1489 613 1576 651 tres
1610 612 1787 651 centum
1814 611 1856 651 et
1889 609 2208 664 quinquaginta

481 677 661 719 libre—.
725 678 970 720 Deteriacio
1005 678 1141 719 eciam
1177 679 1292 719 facta
1323 678 1373 720 de
1406 678 1617 720 subbosco
1639 680 1681 720 et
1703 678 2020 720 exbrancatura
2046 678 2090 719 in
2113 693 2206 732 pre-

481 746 595 788 dicto
618 760 748 800 parco
770 749 812 788 61
833 746 1039 800 predictis
1062 745 1200 788 boscis
1222 760 1297 800 per
1320 746 1566 800 predictum
1596 747 1777 787 Petrum
1809 748 1851 788 et
1884 747 2134 789 forestarios
2167 751 2208 789 et

480 815 663 856 balliuos
681 819 723 857 et
744 816 993 857 uenditores
1016 830 1116 857 suos
1138 815 1354 869 predictos
1376 829 1451 869 per
1473 815 1718 869 predictum
1740 819 1915 872 tempus
1936 815 2057 858 nullo
2078 816 2207 859 modo

480 884 639 936 poterit
662 883 858 925 estimari
881 884 993 926 sicut
1014 898 1090 938 per
1112 884 1328 938 predictos
1352 886 1416 925 est
1439 886 1747 937 protestatum.

571 953 787 995 Scrutatis
825 958 866 995 et
903 953 1110 1007 inspectis
1152 953 1307 994 rotulis
1345 953 1396 994 de
1430 953 1616 995 itinere2
1650 952 1836 994 Galfridi
1868 952 1919 995 de
1953 953 2132 1007 Langel’
2166 956 2207 995 et

480 1021 697 1063 sociorum
720 1036 900 1063 suorum
923 1022 1266 1064 iusticiariorum
1289 1022 1599 1065 itinerancium
1622 1023 1677 1064 ad
1706 1023 1866 1076 placita
1899 1023 2058 1065 foreste
2090 1023 2207 1077 apud

479 1087 650 1129 Okham
673 1102 789 1130 anno
811 1089 934 1141 regni
956 1088 1123 1129 domini
1153 1088 1267 1141 regis
1300 1089 1374 1142 qui
1406 1089 1535 1131 modo
1567 1091 1632 1130 est
1670 1089 1890 1130 tricesimo
1919 1089 2067 1138 tercio,
2093 1102 2206 1130 com-

477 1158 653 1209 pertum
676 1157 875 1209 estquod
899 1159 1203 1209 presentatum
1226 1160 1319 1198 erat
1349 1161 1391 1198 et
1423 1157 1675 1199 conuictum
1708 1171 1855 1199 coram
1887 1157 2050 1199 eisdem
2082 1157 2206 1199 iusti-

478 1224 623 1266 ciariis
645 1224 691 1265 in
713 1224 869 1266 itinere
893 1239 971 1266 suo
994 1239 1070 1278 per
1092 1225 1251 1278 viginti
1273 1228 1314 1267 et
1338 1229 1526 1279 quatuor
1548 1226 1763 1268 iuratores
1786 1226 1947 1267 milites
1972 1228 2015 1268 et
2046 1227 2206 1279 legales

478 1293 679 1335 homines
703 1293 754 1335 de
776 1294 988 1335 comitatu
1011 1294 1239 1335 Roteland’
1264 1294 1379 1347 quod
1400 1289 1500 1335 c'um
1533 1309 1605 1336 rex
1637 1294 1857 1336 Henricus
1888 1294 2057 1348 primus
2089 1294 2205 1335 filius

476 1362 589 1415 regis
603 1362 811 1405 Willelmi
828 1362 1024 1404 bastardi
1041 1362 1184 1404 iturus
1199 1363 1353 1405 fuisset
1371 1358 1525 1405 uersus
1543 1367 1690 1417 partes
1705 1364 1980 1417 aquilonares
1997 1363 2204 1405 transiuit

476 1445 552 1484 per
575 1431 794 1484 quendam
823 1431 1016 1481 boscum,
1040 1431 1114 1485 qui
1147 1434 1330 1473 uocatur
1362 1432 1618 1483 Riseberwe,
1644 1432 1718 1486 qui
1740 1433 1894 1474 boscus
1918 1434 1982 1474 est
2005 1432 2051 1473 in
2073 1432 2203 1474 comi-

477 1502 575 1542 tatu
597 1501 818 1554 Leycest’3
851 1503 892 1542 et
919 1501 978 1542 ibi
1001 1501 1112 1543 uidit
1135 1502 1325 1555 quinque
1348 1501 1487 1543 bissas
1505 1517 1513 1550 ;
1549 1501 1622 1555 qui
1645 1503 1796 1544 statim
1817 1501 2008 1555 precepit
2031 1501 2205 1543 cuidam

478 1568 688 1611 seruienti
711 1583 787 1611 suo
809 1569 988 1611 nomine
1011 1570 1254 1612 Pichardus
1277 1570 1392 1624 quod
1414 1570 1459 1611 in
1477 1571 1676 1624 partibus
1694 1570 1779 1611 illis
1802 1572 2048 1612 moraretur
2068 1583 2204 1623 usque

478 1638 532 1679 ad
555 1638 745 1680 reditum
769 1652 898 1680 suum
921 1652 946 1680 a
967 1638 1166 1692 partibus
1188 1639 1394 1693 predictis
1418 1641 1460 1680 et
1483 1639 1622 1680 dictas
1645 1638 1785 1680 bissas
1807 1639 1986 1680 interim
2009 1638 2064 1680 ad
2096 1652 2204 1692 opus

477 1720 607 1748 suum
630 1707 882 1749 custodiret.
946 1707 1140 1761 Contigit
1163 1710 1311 1749 autem
1335 1708 1449 1761 quod
1472 1708 1588 1749 infra
1611 1722 1779 1749 annum
1801 1707 1927 1748 illum
1960 1707 2101 1749 dictus
2132 1721 2205 1748 rex

476 1775 537 1816 ibi
573 1789 662 1817 non
696 1776 852 1825 rediit;
901 1776 1018 1818 infra
1055 1790 1183 1830 quem
1222 1790 1391 1818 amium
1430 1777 1572 1818 dictus
1611 1776 1853 1817 Pichardus
1891 1776 2125 1818 associauit
2160 1790 2204 1818 se

477 1844 651 1886 cuidam
675 1845 884 1886 seruienti
916 1845 1112 1886 eiusdem
1145 1844 1301 1899 patrie,
1338 1845 1411 1899 qui
1441 1845 1682 1887 uocabatur
1714 1845 1952 1886 Hascullus
1986 1845 2038 1886 de
2071 1845 2203 1886 Athe-

476 1913 705 1963 lakeston',
730 1914 784 1954 ad
811 1913 935 1954 cuius
958 1914 1138 1954 domum
1171 1914 1317 1967 sepius
1350 1915 1707 1956 conuersabatur.
1772 1915 1920 1956 Finito
1952 1928 2055 1955 uero
2087 1928 2204 1956 anno

477 1984 550 2025 illo
572 1986 805 2037 postquam
829 1983 1051 2037 predictus
1074 1998 1146 2025 rex
1169 1984 1298 2025 rediit
1321 1998 1346 2026 a
1360 1985 1561 2038 partibus
1577 1985 1918 2038 aquilonaribus,
1938 1985 2046 2026 adiit
2061 1985 2202 2026 dictus

477 2052 720 2094 Pichardus
742 2067 888 2106 regem
911 2052 1157 2106 predictum
1181 2053 1328 2094 dicens
1343 2054 1357 2076 3
1380 2067 1424 2095 se
1446 2054 1560 2095 nolle
1583 2054 1772 2107 amplius
1801 2054 2011 2095 balliuam
2036 2054 2201 2107 predic-

476 2123 568 2162 tam
591 2121 820 2163 custodire.
882 2122 942 2163 Et
966 2124 1070 2163 tunc
1093 2121 1328 2175 requisitus
1352 2122 1405 2164 ab
1428 2122 1521 2176 ipso
1543 2136 1642 2176 rege
1665 2122 1760 2176 quis
1791 2125 1903 2164 esset
1935 2123 2118 2164 idoneus
2147 2123 2202 2164 ad

475 2190 637 2231 dictam
681 2189 891 2231 balliuam
934 2190 1266 2231 custodiendam
1308 2191 1534 2244 respondit
1577 2191 1724 2232 dicens
1768 2192 1882 2245 quod
1914 2191 2056 2233 dictus
2088 2191 2201 2232 Has-

474 2259 613 2300 cullus
651 2259 724 2312 qui
758 2261 898 2300 terras
933 2259 1094 2300 ibidem
1132 2259 1287 2300 habuit
1323 2260 1491 2301 vicinas
1528 2262 1570 2301 et
1608 2274 1794 2302 manens
1832 2263 1926 2302 erat
1963 2260 2008 2301 in
2050 2260 2201 2301 eadem

471 2328 646 2370 balliua.
724 2328 785 2369 Et
838 2330 943 2369 tunc
986 2329 1128 2369 dictus
1171 2343 1244 2370 rex
1287 2329 1507 2371 commisit
1549 2330 1761 2370 Hascullo
1802 2330 1997 2383 predicto
2039 2329 2201 2370 dictam

472 2397 681 2438 balliuam
705 2397 1037 2438 custodiendam
1060 2398 1259 2439 videlicet
1290 2398 1567 2439 forestariam
1600 2399 1651 2439 de
1684 2398 1897 2440 comitatu
1928 2398 2124 2452 Leycest’
2159 2401 2201 2439 61

472 2466 672 2507 similiter
709 2466 955 2515 Roteland’,
981 2466 1055 2519 qui
1077 2480 1173 2507 eam
1207 2467 1445 2508 custodiuit
1483 2469 1575 2508 toto
1607 2470 1802 2520 tempore
1826 2481 1916 2516 suo,
1940 2469 1983 2508 et
2020 2467 2094 2520 qui
2124 2481 2201 2520 per

471 2536 651 2587 longum
675 2537 848 2587 tempus
881 2535 1005 2584 uixit,
1031 2535 1194 2576 scilicet
1219 2549 1354 2589 usque
1377 2536 1432 2576 ad
1456 2540 1629 2589 tempus
1652 2536 1766 2589 regis
1792 2535 2029 2595 Stephani&
2052 2538 2094 2577 61
2125 2536 2199 2588 qui

471 2606 576 2644 tunc
609 2603 774 2644 occisus
798 2603 880 2644 fuit
903 2603 947 2643 in
971 2603 1098 2645 domo
1123 2617 1202 2644 sua
1237 2618 1313 2657 per
1345 2605 1711 2645 Bartholomeum
1744 2605 1795 2645 de
1826 2590 2061 2655 Veizlon’f,
2094 2605 2197 2646 Post

473 2671 596 2712 cuius
618 2671 817 2712 Hasculli
849 2672 1075 2712 decessum
1108 2673 1286 2725 quidam
1322 2673 1478 2714 Petrus
1513 2672 1630 2713 filius
1653 2686 1759 2713 suus
1791 2673 1954 2726 recepit
1988 2672 2197 2714 balliuam

472 2740 715 2793 predictam
739 2754 763 2780 a
786 2753 884 2792 rege
902 2740 1096 2782 Hensico
1115 2754 1197 2781 auo
1213 2741 1381 2782 domini
1395 2741 1508 2794 regis
1527 2741 1600 2794 qui
1617 2754 1734 2781 nunc
1753 2743 1818 2782 est
1834 2740 2166 2782 custodiendam
2186 2756 2195 2789 ;

471 2808 545 2861 qui
577 2808 715 2848 eciam
747 2808 903 2849 Petrus
936 2808 1058 2849 duxit
1092 2811 1269 2862 neptem
1308 2810 1458 2850 luonis
1493 2810 1544 2851 de
1580 2809 1736 2851 Neuill'
1780 2809 1826 2850 in
1868 2823 2072 2858 onrem;
2122 2809 2197 2862 qui

471 2877 646 2929 quidem
670 2876 748 2917 Iuo
781 2880 875 2917 erat
906 2876 1022 2917 filius
1054 2877 1184 2918 Alani
1214 2877 1264 2918 de
1299 2878 1471 2919 Neuill'.
1533 2878 1594 2919 Et
1623 2892 1723 2919 cum
1760 2878 1875 2919 idem
1913 2878 1992 2919 Iuo
2030 2877 2197 2919 uideret

471 2945 584 2998 quod
606 2945 829 2998 ingressus
853 2945 957 2987 dicti
980 2946 1180 2987 Hasculli
1208 2946 1253 2986 in
1285 2947 1527 2999 predictam
1560 2947 1769 2987 balliuam
1802 2960 1891 2987 non
1925 2948 2019 2987 erat
2052 2948 2195 2987 certus

520 3082 526 3097 ¹
553 3081 618 3111 For
642 3080 700 3111 the
725 3081 887 3119 meaning
910 3081 944 3111 of
968 3079 1038 3111 this
1063 3080 1151 3111 word
1170 3090 1223 3111 666
1241 3080 1298 3111 the
1367 3081 1521 3121 Langley
1552 3091 1608 3111 are
1648 3082 1707 3111 not
1747 3083 1781 3111 at
1820 3080 1879 3111 the
1911 3079 2030 3111 Public
2063 3079 2194 3110 Record

476 3123 638 3163 Glossary
655 3128 689 3154 at
707 3124 765 3154 the
783 3124 847 3154 end
865 3126 900 3155 of
916 3124 986 3155 this
1005 3123 1100 3155 book.
1370 3125 1482 3155 Office.

521 3170 531 3185 ²
556 3167 627 3198 The
656 3167 737 3198 rolls
765 3169 799 3198 of
827 3167 885 3199 the
910 3178 985 3207 cyre
1013 3169 1047 3198 of
1079 3167 1236 3207 Geofi'rey
1265 3167 1299 3198 of
1411 3169 1422 3185 ³
1447 3166 1532 3198 This
1550 3167 1639 3198 word
1657 3167 1685 3198 is
1703 3167 1860 3207 repeated
1878 3167 1912 3197 111
1931 3166 1989 3198 the
2009 3167 2079 3199 MS.
