2421 3529
438 265 496 310 83
904 273 1092 310 sELEoT
1128 273 1319 308 FOREsT
1356 270 1707 315 INQUISITIONS

434 387 640 430 uiderunt
678 387 841 431 dictam
873 387 1037 430 bissam
1070 389 1306 430 amentem.
1368 387 1428 428 Et
1459 383 1654 428 viridarii
1686 382 1962 426 tradiderunt
1995 382 2158 424 dictam

434 457 598 499 hissam
636 458 785 500 uiuam
824 457 976 500 uillate
1013 457 1064 499 de
1106 457 1269 510 Magna
1311 455 1412 498 Acle
1455 468 1592 509 usque
1624 454 1669 494 in
1712 452 1968 494 crastinum.
2030 451 2160 493 Dicta

434 541 540 569 uero
572 526 689 569 bissa
730 527 883 569 eadem
924 529 1051 569 nocte
1082 526 1365 568 moriebatur.
1426 525 1486 566 Et
1520 525 1636 566 facta
1668 523 1750 564 fuit
1782 521 2010 576 inquisicio
2044 521 2161 576 apud

435 598 613 649 pratum
647 597 699 638 de
730 596 832 638 Acle
865 596 933 638 die
969 594 1150 638 Sabbati
1182 593 1382 648 sequenti
1413 607 1561 635 coram
1594 591 1813 633 viridariis
1846 593 1887 632 et
1920 590 2161 633 forestariis

435 679 511 719 per
563 668 750 720 quatuor
802 665 978 707 uillatas
1029 664 1376 719 propinquiores,
1418 663 1631 712 videlicet,
1669 675 1745 716 per
1788 661 2000 714 Magnam
2041 660 2158 710 Acle,

435 735 629 776 Paruam
652 735 767 785 Acie,
790 735 995 784 Neuton’,
1020 734 1176 788 Corby.

523 803 686 857 Magna
708 804 810 845 Acle
843 803 964 845 uenit
988 804 1043 853 et,
1068 802 1226 852 iurata,
1251 801 1356 844 dicit
1379 801 1493 856 quod
1517 801 1569 842 (16
1591 801 1732 842 morte
1754 799 1867 842 dicte
1889 798 2004 841 bisse
2026 798 2161 840 nichil

437 872 546 922 scit,l
570 872 657 914 nisi
680 872 794 926 quod
818 886 866 914 ex
889 872 1147 914 infirmitate
1169 871 1454 914 moriebatur.

523 942 668 983 Parua
689 942 791 983 Acle
813 941 936 983 uenit
959 942 1001 984 et
1024 941 1128 983 dicit
1150 940 1280 983 idem.

523 1011 709 1053 Neuton’
734 1010 856 1053 uenit
880 1015 934 1060 et,
958 1010 1119 1061 iurata,
1144 1010 1248 1052 dicit
1270 1010 1400 1052 idem.

523 1080 666 1135 Corby
687 1080 809 1122 uenit
832 1082 889 1131 et,
913 1080 1073 1130 iurata,
1098 1080 1202 1122 dicit
1225 1080 1356 1122 idem.

524 1151 635 1193 Caro
650 1152 799 1193 autem
816 1151 1000 1193 liberata
1023 1150 1107 1193 fuit
1129 1150 1398 1205 pauperibus
1413 1150 1464 1192 de
1478 1149 1773 1204 Rokingham.
1837 1148 1960 1192 Cutis
1978 1147 2162 1189 liberata

436 1220 518 1263 fuit
540 1220 731 1263 Iohanni
753 1221 893 1263 Louet
915 1219 1202 1262 custodienda
1225 1234 1362 1274 usque
1385 1220 1628 1262 aduentum
1650 1218 2008 1261 iusticiariorum.

523 1356 722 1400 ‘Accidit
755 1357 852 1399 (1163
886 1356 1006 1399 Iouis
1032 1356 1231 1412 proxima
1257 1358 1360 1399 ante
1389 1357 1551 1398 festum
1580 1356 1828 1409 Margarete
1860 1368 1977 1397 anno
2009 1355 2164 1408 rengni

434 1425 548 1480 regis
579 1425 761 1468 Henrici
803 1426 1024 1468 tricesimo
1066 1426 1193 1480 quod,
1229 1440 1329 1467 cum
1371 1426 1616 1468 Willelmus
1658 1424 1914 1467 forestarius
1955 1424 2087 1478 pedes
2118 1424 2164 1466 in

434 1510 566 1550 parco
589 1496 640 1538 (16
662 1496 888 1538 Bricstoke
905 1495 1114 1538 intrasset
1132 1496 1343 1537 balliuam
1361 1509 1488 1537 suam
1512 1495 1563 1537 de
1580 1508 1724 1548 parco,
1743 1493 1914 1536 inuenit
1929 1494 2164 1548 Hugonem

437 1566 669 1620 Swartgan
706 1580 945 1608 messorem
988 1565 1139 1608 uillate
1181 1566 1233 1607 de
1269 1564 1502 1614 Bricstok'‚
1539 1564 1771 1606 ducentem
1805 1563 1913 1605 duos
1950 1563 2164 1605 mastinos

435 1638 589 1678 contra
621 1635 850 1677 defensum
874 1634 1220 1683 forestariorum,
1240 1633 1418 1685 scilicet,
1433 1647 1571 1676 vnum
1595 1633 1744 1675 album
1760 1635 1801 1674 et
1826 1632 1963 1675 alium
1985 1632 2164 1674 ruffum.

436 1705 622 1758 Quidam
655 1718 759 1747 uero
790 1704 921 1746 homo
955 1704 1006 1746 de
1038 1703 1254 1745 Bricstok’
1288 1703 1363 1758 qui
1394 1703 1636 1745 uocabatur
1669 1701 1888 1743 Henricus
1922 1701 2041 1743 Tuke
2073 1701 2165 1743 ibat

436 1789 536 1816 cum
576 1788 781 1825 messore,
817 1787 937 1827 quos,
974 1787 1074 1815 cum
1116 1772 1313 1823 uidisset,
1353 1772 1495 1815 dictus
1532 1773 1599 1815 W.
1642 1771 1784 1814 uoluit
1828 1785 1900 1813 666
1942 1770 2166 1813 atachiare

436 1846 613 1899 propter
646 1858 789 1894 canes,
814 1857 921 1897 quos
944 1843 1163 1885 ducebant
1195 1844 1289 1885 tam
1323 1857 1418 1884 sero
1451 1842 1531 1884 sub
1563 1856 1695 1896 parco
1728 1841 1894 1883 domini
1915 1841 2043 1895 regis.
2104 1839 2166 1882 Et

436 1914 671 1956 noluerunt
713 1912 806 1967 pati
847 1926 919 1954 666
961 1912 1199 1955 atachiare.
1278 1912 1434 1954 Dictus
1478 1926 1581 1954 uero
1623 1912 1868 1955 Willelmus
1911 1909 2167 1952 forestarius

436 1983 622 2024 intrauit
644 1982 796 2024 uillam
819 1982 870 2024 (16
893 1981 1119 2024 Bricstoke
1142 1981 1406 2032 insidiando,
1432 1984 1474 2024 et
1503 1981 1665 2024 iterum
1697 1980 1826 2023 rediit
1849 1980 1904 2022 ad
1926 1980 2069 2022 locum
2092 1978 2168 2020 ubi

437 2051 653 2106 predictos
695 2051 818 2105 prius
856 2051 1041 2101 uiderat,
1076 2053 1119 2094 et
1153 2051 1265 2093 uidit
1300 2065 1372 2093 eos
1406 2051 1567 2093 iterum
1609 2050 1656 2092 in
1698 2050 1849 2092 eodem
1886 2050 1993 2091 1666.
2056 2048 2167 2091 Cum

438 2124 587 2164 autem
602 2121 822 2175 predictus
837 2121 968 2174 Hugo
983 2122 1026 2163 et
1040 2121 1262 2175 predictus
1272 2120 1492 2163 Henricus
1507 2120 1651 2162 Tucke
1666 2120 1873 2162 uiderunt
1888 2117 2168 2161 forestarium

438 2191 688 2233 venientem
720 2204 875 2232 uersus
907 2204 978 2232 eos
1012 2190 1165 2232 statim
1197 2190 1243 2232 in
1277 2191 1427 2245 fugam
1460 2190 1662 2233 conuersi
1696 2192 1826 2240 sunt;
1855 2190 1897 2231 et
1920 2202 1992 2231 666
2014 2202 2168 2243 capere

439 2275 528 2303 non
570 2259 729 2314 potuit.
810 2260 871 2302 Et
918 2260 1062 2302 dictus
1113 2260 1358 2303 Willelmus
1401 2259 1656 2303 forestarius
1699 2258 1884 2301 intrauit
1927 2257 2079 2300 uillam
2117 2257 2169 2299 de

439 2329 669 2379 Bricstok'‚
705 2332 747 2371 et
781 2329 911 2383 peciit
947 2329 1217 2372 Willelmum
1252 2329 1458 2371 clericum
1501 2328 1672 2371 abbatis
1714 2328 1766 2370 de
1809 2327 2094 2382 Cyrencestre
2126 2329 2169 2369 et

439 2398 683 2441 Henricum
704 2398 975 2452 prepositum
999 2398 1050 2440 de
1072 2398 1286 2441 Bricstok'
1311 2400 1360 2441 ut
1389 2397 1504 2441 irent
1527 2412 1627 2441 cum
1660 2412 1709 2440 eo
1741 2400 1783 2440 61
1815 2397 2030 2446 111(161661,
2054 2394 2169 2449 quod

440 2469 501 2510 ibi
533 2469 744 2510 fecerunt.
806 2468 866 2510 Et
899 2470 1053 2510 euntes
1085 2482 1186 2510 cum
1218 2481 1267 2510 eo
1299 2468 1568 2510 inuenerunt
1600 2467 1647 2509 in
1679 2467 1794 2510 dicto
1825 2467 1917 2509 loco
1940 2480 2024 2520 quo
2045 2465 2167 2520 prius

442 2552 514 2581 eos
546 2538 719 2580 uiderat
753 2537 945 2591 quinque
979 2538 1157 2592 laqueos
1188 2537 1239 2579 de
1272 2537 1407 2580 serico
1440 2537 1612 2591 equino,
1647 2550 1754 2591 quos
1787 2536 1929 2578 (1161116
1961 2535 2093 2588 Hugo
2125 2536 2168 2576 et

441 2608 660 2650 Henricus
693 2607 837 2648 Tucke
869 2607 970 2649 111116
1001 2609 1245 2661 posuerunt
1278 2608 1333 2649 ad
1365 2608 1532 2649 fetones
1565 2607 1631 2650 vel
1654 2607 1708 2649 ad
1730 2606 1897 2660 lepores
1920 2604 2167 2659 capiendos.

441 2678 597 2720 Dictus
619 2678 864 2722 Willelmus
887 2677 1143 2719 forestarius
1173 2677 1321 2720 omnia
1354 2691 1436 2731 que
1467 2677 1639 2719 uiderat
1671 2675 1894 2718 uiridariis
1925 2673 2167 2716 intimauit.

442 2748 502 2789 Et
565 2761 712 2789 coram
762 2745 983 2788 viridariis
1034 2745 1167 2800 positi
1230 2748 1335 2789 sunt
1387 2760 1463 2801 per
1514 2745 1679 2800 plegios
1731 2758 1868 2799 usque
1925 2744 2167 2785 aduentum

442 2815 786 2858 iusticiariorum
808 2815 861 2856 de
884 2815 1059 2857 foresta.

530 2885 623 2927 Η66
686 2886 789 2926 sunt
840 2883 1022 2926 nomina
1082 2883 1325 2938 plegiorum
1377 2884 1580 2938 Hugonis
1635 2880 2168 2937 Swartgarz—Galfridus

446 2954 677 3008 Swartgar‚
710 2954 841 3007 Hugo
875 2953 991 2994 filius
1024 2953 1236 3007 Godyine,
1261 2953 1484 2996 Gilbertus
1507 2954 1562 2995 ad
1587 2953 1849 3007 Stmgnum,
1873 2952 2029 2994 Petrus
2051 2950 2169 2992 filius

443 3024 547 3074 Ade,
570 3022 790 3066 Henricus
812 3022 927 3064 filius
950 3021 1139 3075 Ricardi,
1163 3022 1382 3065 Henricus
1405 3022 1521 3064 filius
1545 3022 1761 3065 Geruasii.

675 3176 681 3193 ¹
710 3175 781 3207 MS.
801 3175 885 3206 “611.’
1156 3176 1166 3193 ⁷
1192 3175 1252 3206 See
1270 3185 1302 3215 p.
1320 3176 1371 3207 29.
1641 3176 1651 3192 ³
1677 3175 1715 3206 19
1733 3173 1814 3214 July
1830 3174 1924 3204 1246.
