2421 3529
249 397 398 422 iudicium.

249 664 372 695 prisona.

252 806 443 843 misericordie

252 847 280 869 v]
297 848 317 864 s.

252 1153 431 1176 mandatnm.

250 1501 358 1526 miseri<

252 1535 356 1559 cordia.

253 1784 275 1815 [ς’
291 1784 407 1813 marca]

253 2344 269 2359 v
286 2344 387 2361 man-e.

256 2371 320 2394 Non
334 2376 399 2394 sunt
416 2371 443 2394 in

257 2405 395 2428 extractis
407 2405 442 2428 ad

260 2438 384 2466 [scacca-

259 2471 357 2501 rium]⁸

481 256 542 300 20
737 266 1042 301 SELECTsz
1077 265 1217 299 FROM
1254 266 1357 299 THE
1392 265 1582 300 FonEsT
1618 265 1755 298 EYRE
1791 265 1952 299 ROLLS

481 381 577 421 ideo
612 380 666 421 ad
705 379 915 421 iudicium
952 379 1004 420 de
1042 378 1168 420 dictis
1203 377 1445 420 forestariis
1481 378 1532 419 de
1566 377 1799 427 euasione;
1845 385 1887 419 et
1920 376 2123 419 Oliuerus
2165 376 2207 416 et

481 450 726 491 Willelmus
768 448 941 490 liberati
984 449 1163 489 fuerunt
1205 448 1432 501 Philippo¹
1472 447 1524 489 de
1569 447 1771 490 Stanton’
1815 449 1922 488 tunc
1963 445 2208 488 vicecomiti

481 520 650 568 Hunt';
700 521 741 560 et
783 520 935 571 postea
976 531 1053 571 per
1086 517 1218 558 breue
1252 516 1419 558 domini
1460 516 1573 570 regis
1612 515 1841 557 deliberati
1874 516 2069 556 fuerunt.
2147 514 2208 555 Et

482 588 683 630 Oliuerus
707 587 812 628 obiit
835 589 876 628 91
907 587 989 628 fuit
1013 586 1259 628 essoniatus
1281 585 1423 639 primo
1446 585 1514 626 die
1534 600 1543 633 ;
1578 585 1673 626 ideo
1695 584 1831 625 nichil
1854 585 1905 625 de
1927 583 2080 638 plegiis
2104 583 2207 624 suis.

482 658 542 699 Et
564 657 808 699 willelmus
833 656 953 697 venit
986 658 1027 697 et
1061 656 1265 696 detentus
1298 657 1363 696 est
1395 655 1440 695 in
1472 655 1666 708 prisona.
1728 654 1789 695 Et
1821 653 2092 695 attachiatus
2125 652 2208 693 fuit

482 741 557 780 per
591 726 816 768 Oliuerum
849 725 901 766 de
931 724 1085 766 Wolfle
1122 726 1354 775 (mortuus)
1392 725 1435 765 et
1471 725 1691 776 Rogerum
1718 723 1756 764 le
1788 723 1936 763 Blund
1972 721 2042 776 (xij
2078 721 2120 772 (1)
2157 721 2208 762 de

483 796 650 845 eadem,
671 796 851 837 Petrum
869 795 907 836 le
926 794 1134 836 Franceis
1161 793 1231 847 (Χῇ
1258 794 1299 841 (1)
1319 793 1369 835 (19
1393 793 1560 843 eadem,
1579 793 1787 834 Iacobum
1807 792 1858 833 de
1874 792 2053 833 Weston
2072 791 2142 844 (Χῇ
2163 791 2206 842 d)

482 865 527 907 in
551 866 716 914 eadem,
741 865 980 906 Radulfum
1004 863 1056 905 de
1088 864 1314 917 Elington’
1343 863 1412 917 (xij
1439 863 1481 913 (1)
1507 862 1559 904 (19
1581 862 1746 912 eadem,
1770 861 2060 916 Reginaldum
2094 860 2210 914 King

487 935 558 988 (Χῇ
584 935 626 986 (1)
663 935 714 976 (19
747 934 914 984 eadem,
944 933 1159 974 Thomam
1190 933 1350 974 Attello
1389 932 1459 985 (Χῇ
1485 932 1528 983 (1)
1563 932 1613 973 (19
1646 932 1812 973 eadem.
1895 931 1955 972 Et
1988 930 2089 984 quia
2121 943 2210 970 non

483 1006 853 1058 presentauerunt
891 1018 989 1044 eum
1023 1003 1164 1057 primo
1198 1003 1265 1043 die
1299 1004 1376 1044 etc.
1410 1002 1507 1043 ideo
1539 1001 1585 1042 in
1627 1000 1940 1042 misericordia.
2016 1001 2076 1041 Et
2109 999 2210 1054 quia

483 1075 614 1128 Hugo
636 1087 822 1127 persona
855 1074 906 1114 de
937 1074 1149 1114 Yrecestr’
1183 1071 1423 1126 receptauit
1466 1071 1666 1112 homines
1708 1084 1810 1112 suos
1852 1070 1925 1124 qui
1960 1070 2209 1118 euaserunt,

483 1144 745 1185 mandatum
789 1144 854 1184 est
897 1142 1096 1195 episcopo
1138 1141 1261 1182 Linc’
1306 1141 1420 1194 quod
1463 1140 1594 1181 faciat
1638 1154 1738 1181 eum
1780 1139 1928 1181 venire
1971 1141 2050 1180 etc.
2094 1138 2210 1192 apud

484 1213 714 1254 Norbamt'
749 1212 793 1252 in
837 1212 1005 1253 octabis
1038 1211 1179 1252 sancti
1212 1210 1458 1253 Iohannis‘2
1490 1214 1572 1251 etc.
1635 1210 1696 1251 Et
1728 1210 1945 1251 Radulfus
1978 1209 2127 1249 Resun
2159 1208 2211 1248 de

481 1283 741 1336 Brampton’
797 1281 867 1335 (Χῇ
923 1281 983 1331 (1),
1036 1281 1266 1334 Philippus
1323 1279 1572 1334 prepositus
1635 1279 1687 1320 de
1736 1278 1973 1320 Alcumbir’
2031 1277 2088 1331 (iij
2155 1282 2210 1328 s),

481 1353 725 1395 IVillelmus
747 1353 904 1405 Bissop
929 1356 1034 1402 (non
1067 1352 1131 1392 est
1154 1350 1398 1401 inuentus),
1423 1349 1642 1391 Iohannes
1665 1349 1702 1390 le
1727 1348 1861 1391 Clerc’
1885 1348 1936 1389 de
1967 1348 2212 1401 Brampton

485 1423 555 1476 (Χῇ
575 1423 615 1472 (1)
643 1424 684 1463 91
706 1421 950 1463 XVillelmus
984 1421 1100 1473 Grey
1123 1420 1173 1460 de
1197 1419 1490 1460 Nidenworth’
1521 1419 1590 1472 (xij
1609 1419 1653 1473 d)
1678 1418 1856 1459 fuerunt
1878 1417 2008 1471 plegii
2030 1416 2214 1470 predicti

482 1492 659 1534 Ricardi
682 1492 719 1532 le
742 1492 958 1544 Enveyse,
983 1492 1025 1531 et
1048 1489 1176 1530 modo
1208 1502 1297 1530 non
1330 1489 1493 1530 habent
1526 1488 1686 1542 ipsum,
1707 1487 1803 1529 ideo
1825 1487 1870 1527 in
1899 1486 2213 1528 misericordia.

484 1563 597 1603 Item
644 1560 775 1614 plegii
819 1559 1013 1600 eiusdem
1060 1561 1211 1612 postea
1263 1557 1437 1599 inuenti
1486 1558 1691 1599 Nicolaus
1739 1557 1789 1598 de
1832 1557 2019 1598 Merton’
2059 1556 2212 1607 (alibi),

485 1630 748 1673 Godefridus
782 1629 832 1670 de
865 1628 1159 1670 Molesworth'
1189 1628 1305 1681 (ijs),
1329 1627 1545 1668 Radulfus
1574 1627 1623 1667 de
1647 1627 1883 1668 Brochton’
1912 1627 2145 1678 (mortuus)
2171 1627 2214 1666 et

484 1700 703 1742 Henricus
727 1699 777 1740 de
800 1698 978 1752 Ripton'
1001 1697 1131 1749 Regis
1159 1697 1201 1751 (ij
1220 1700 1273 1749 s).
1351 1697 1507 1738 Postea
1531 1697 1674 1737 dictus
1695 1695 1938 1737 Willelmus
1971 1695 2022 1736 de
2044 1694 2214 1748 Esseby

484 1769 603 1811 venit
626 1770 668 1809 et
691 1767 823 1809 finem
858 1766 958 1807 fecit
990 1781 1068 1820 pro
1100 1780 1186 1807 Vna
1218 1766 1401 1807 marca.3
1461 1765 1522 1807 Et
1555 1765 1726 1806 inuenit
1758 1765 1921 1818 plegios
1955 1764 2094 1818 ‘quod
2125 1778 2215 1805 non

485 1839 537 1879 de
560 1838 723 1879 cetero'
749 1839 790 1878 et
814 1836 864 1877 de
898 1835 1014 1877 dicta
1046 1849 1196 1876 marca
1227 1834 1427 1876 videlicet
1460 1835 1680 1888 Rogerum
1704 1835 1755 1876 de
1777 1833 1943 1883 Wolfle,
1968 1833 2214 1875 Iohannem

485 1907 756 1962 prepositum
790 1906 841 1947 de
873 1904 1126 1953 Alcumbir',
1170 1904 1414 1945 Iohannem
1458 1904 1509 1945 de
1547 1904 1672 1952 Wlfl’,
1705 1904 1950 1945 Iohannem
1993 1903 2129 1945 Canu'
2162 1903 2215 1943 de

486 1978 651 2026 eadem,
676 1977 909 2018 Osbertum
932 1975 1073 2015 filium
1097 1973 1272 2015 Ricardi
1294 1974 1332 2015 le
1357 1973 1490 2015 Clerc’
1515 1973 1566 2014 de
1588 1973 1798 2022 Weston'‚
1822 1972 2051 2013 Matheum
2075 1971 2216 2021 Wlfie,

487 2048 702 2088 Thomam
736 2045 896 2086 Attello
930 2044 981 2085 de
1013 2044 1180 2092 eadem,
1204 2043 1425 2096 Rogerum
1447 2043 1486 2084 le
1518 2042 1678 2082 Blund'
1704 2042 1755 2082 de
1787 2041 1952 2091 eadem,
1975 2041 2216 2082 Radulfum

487 2118 539 2158 de
562 2116 807 2169 Bustelleys
840 2114 891 2155 de
916 2114 1080 2162 eadem,
1104 2112 1397 2166 Reginaldum
1420 2113 1459 2153 le
1483 2112 1612 2165 King’
1637 2111 1688 2153 de
1711 2111 1876 2160 eadem,
1901 2111 2109 2152 Iacobum
2127 2112 2139 2133 ⁴
2165 2111 2217 2151 de

488 2186 698 2235 XYeston',
723 2185 904 2226 Petrum
927 2184 965 2224 le
989 2182 1212 2224 FranceiS.
1275 2182 1433 2223 Postea
1455 2181 1574 2223 venit
1606 2181 1723 2234 apud
1746 2181 1975 2222 Norhamt’
1999 2180 2219 2233 predictus

489 2257 621 2309 Hugo
642 2268 831 2308 persona
863 2253 913 2294 de
945 2252 1177 2293 Irencestr’
1205 2253 1246 2293 et
1278 2251 1413 2292 finem
1447 2251 1547 2292 fecit
1579 2264 1658 2304 pro
1691 2264 1735 2291 se
1769 2253 1809 2291 et
1841 2250 2094 2291 hominibus
2127 2249 2219 2290 suis¹

488 2340 564 2380 per
607 2325 798 2378 quinque
839 2336 1010 2364 marcas
1052 2336 1128 2374 per
1169 2321 1393 2375 pleuinam
1436 2319 1648 2362 Iohannis
1691 2320 1893 2373 Caperun
1936 2319 2118 2361 senioris
2168 2319 2219 2360 de

492 2395 708 2438 Siberton'
734 2396 776 2434 et
798 2391 1005 2434 Willelmi
1028 2391 1231 2431 Floribus
1255 2390 1306 2432 de
1328 2391 1576 2431 Irencestr'.

579 2465 886 2505 Presentatum
941 2464 1005 2503 est
1056 2474 1132 2514 per
1186 2460 1438 2501 forestarios
1489 2462 1531 2500 et
1584 2459 1813 2501 viridarios
1864 2459 1979 2512 quod
2024 2459 2218 2500 Norman

494 2535 725 2586 Sampson,
742 2531 997 2573 forestarius
1013 2544 1141 2583 eques
1161 2531 1240 2571 sub
1257 2530 1454 2572 Galfrido
1470 2529 1520 2570 de
1539 2529 1816 2572 Childewich'
1831 2532 1938 2570 tunc
1954 2529 2188 2570 senescallo
2207 2529 2220 2549 ⁵

492 2605 664 2652 foreste,
700 2601 812 2654 cepit
847 2600 1064 2653 quendam
1102 2599 1327 2640 hominem
1365 2599 1622 2640 existentem
1658 2613 1758 2639 cum
1792 2612 1979 2652 persona
2013 2598 2064 2639 de
2099 2598 2218 2640 Cole-

492 2673 646 2714 worth'
672 2671 751 2712 sub
774 2670 1005 2724 Wauberg'
1030 2670 1145 2710 infra
1167 2669 1513 2722 agistamentum
1537 2669 1703 2710 domini
1725 2669 1837 2722 regis
1861 2683 1977 2710 anno
1999 2668 2220 2710 tricesimo

494 2746 648 2784 octauo
669 2756 676 2788 ;
702 2743 743 2781 et
766 2739 931 2779 dictum
947 2738 1171 2779 hominem
1193 2739 1309 2792 apud
1332 2740 1528 2780 Houton'
1551 2739 1605 2780 ad
1621 2739 1801 2780 domum
1816 2738 2024 2781 Willelmi
2041 2738 2219 2791 Dering’

493 2810 680 2864 hospitis
702 2808 770 2849 sui
800 2822 928 2861 super
952 2821 1084 2848 vnam
1107 2807 1300 2848 herciam
1319 2822 1419 2848 eum
1443 2822 1611 2861 ponens
1633 2821 1818 2860 magnas
1841 2821 1977 2861 penas
1995 2807 2033 2848 ei
2054 2807 2219 2855 intulit,

494 2881 555 2921 ita
579 2879 691 2933 quod
716 2877 833 2918 dedit
863 2877 902 2918 ei
925 2875 1152 2917 duodecim
1176 2876 1379 2917 denarios
1410 2879 1460 2917 ut
1493 2890 1518 2917 a
1551 2877 1679 2917 dictis
1712 2877 1837 2930 penis
1870 2877 2155 2925 relaxaretur,
2178 2879 2221 2917 et

494 2953 645 3003 postea
670 2948 786 2989 dedit
811 2946 849 2987 ei
872 2946 1063 2999 quinque
1087 2945 1245 2986 solidos
1269 2945 1382 2998 quod
1405 2948 1552 2999 posset
1575 2946 1655 2986 sub
1679 2960 1727 2987 eo
1751 2946 1925 2999 quietus
1948 2945 2160 2987 recedere.

582 3019 695 3059 Item
728 3017 1030 3070 presentatum
1073 3016 1138 3055 est
1176 3028 1251 3067 per
1287 3015 1459 3055 eosdem
1498 3015 1549 3056 de
1584 3015 1677 3068 ipso
1712 3015 1879 3065 eodem,
1905 3014 2082 3064 scilicet,
2108 3013 2221 3067 quod

563 3122 567 3137 ¹
598 3122 658 3150 Sec
677 3129 708 3158 p.
729 3120 778 3151 17,
798 3122 874 3148 nott·
894 3119 922 3147 Γ).
1058 3119 1068 3133 ’-’
1095 3117 1109 3145 1
1129 3115 1208 3154 -July
1229 3117 1323 3147 1255.
1459 3118 1469 3132 ²¹
1494 3116 1545 3146 An
1565 3126 1655 3147 error
1674 3118 1723 3147 for
1743 3122 1748 3132 ‘
1765 3116 1828 3147 I’cr
1847 3126 1951 3147 unam
1968 3117 2143 3147 marcan

917 3163 921 3178 ¹
949 3161 1018 3190 MS.
1039 3166 1044 3174 ⁸
1062 3159 1233 3189 ·l⁴‹=‹:ol¹us.‘
1394 3162 1403 3177 2*
1430 3161 1490 3190 Sco
1509 3170 1538 3199 p.
1559 3161 1610 3192 1⁷1,
1630 3165 1707 3190 noto
1727 3163 1756 3191 8.
