2421 3529
222 1330 329 1355 miseri-

222 1365 327 1388 cordia.

223 1398 330 1422 miseri-

223 1432 329 1455 cordia.

222 1465 328 1489 miseri-

224 1498 330 1523 cordia.

223 1678 423 1705 Stafforslesir'.

458 218 518 264 10
707 229 1013 265 SELEOTIONS
1050 231 1188 265 FROM
1225 231 1329 266 THE
1364 232 1556 267 FOREST
1591 231 1730 265 EYRE
1765 231 1927 266 ROLLs

455 342 696 384 afforestati
719 344 959 385 secundum
983 344 1095 397 quod
1119 344 1368 386 continetur
1391 344 1435 386 in
1454 344 1599 387 carta1
1624 343 1790 385 domini
1808 344 1921 397 regis
1945 359 2077 398 quam
2099 345 2184 400 ipsi

456 415 498 453 et
532 412 732 454 homines
765 413 816 454 de
842 414 1131 456 Staffordssir’
1156 414 1289 463 11](10,1
1314 414 1377 456 1111
1410 415 1524 467 (111οᾶ
1557 428 1708 455 01111105
1738 413 1800 453 1111
1824 414 1874 454 (10
1898 415 2110 456 comitatu
2133 416 2185 457 de

460 482 652 535 Salopes’
672 481 745 535 qui
760 483 907 523 venati
931 485 1034 524 sunt
1056 483 1127 523 uel
1149 483 1311 524 bestias
1335 486 1543 537 ceperunt
1566 483 1613 523 in
1635 483 1830 536 predicta
1845 483 2050 524 Brewode
2068 484 2185 525 infra

456 551 715 592 comitatum
742 552 888 603 Salop’
912 552 1236 593 communicent
1259 566 1358 593 cum
1381 553 1589 606 predictis
1619 552 1834 592 militibus
1857 553 1899 592 et
1932 552 2185 594 hominibus

456 621 510 661 ad
534 620 779 674 predictum
803 621 936 662 finem
959 621 1285 662 racionabiliter
1310 623 1552 663 secundum
1577 622 1690 675 quod
1714 622 1895 675 quilibet
1919 636 2070 663 eorum
2093 622 2164 663 sit.

544 689 751 731 Warinus
784 690 836 731 de
857 690 1042 743 Wilegh’
1067 690 1112 730 in
1146 690 1446 732 misericordia
1480 705 1558 745 pro
1595 691 1696 745 pall’
1737 691 1883 732 dentis
1917 690 2114 732 inuentis
2137 691 2184 732 in

458 771 557 812 sepe
582 772 662 799 sua
681 773 690 807 ;
726 760 791 799 set
814 772 902 800 non
925 759 1249 800 malecreditur.

546 828 610 868 De
632 828 822 869 Roberto
845 828 897 869 de
919 828 1143 870 Bromfeld
1166 829 1251 870 duo
1275 828 1402 870 solidi
1423 843 1501 882 pro
1524 831 1705 871 essarto.

545 897 767 939 Iohannes
797 898 1026 951 Hopestan
1049 900 1091 939 et
1113 898 1357 940 Willelmus
1391 899 1443 940 de
1475 897 1775 941 Wistaneswic
1808 897 1854 938 in
1886 897 2186 940 misericordia

455 982 534 1021 pro
557 968 667 1008 1111511
690 969 879 1020 querela.

543 1037 789 1080 Willelmus
823 1038 873 1079 de
907 1038 948 1079 la
983 1039 1135 1091 Rugge
1184 1038 1259 1080 dat
1297 1038 1526 1080 dimidiam
1560 1052 1756 1080 marcam
1793 1052 1848 1079 ne
1880 1038 2058 1080 boueria
2091 1052 2184 1088 sua,

456 1120 588 1159 quam
611 1105 780 1148 leuauit
804 1120 934 1160 super
956 1109 1122 1148 terram
1146 1120 1272 1148 suam
1297 1108 1414 1160 apud
1439 1109 1630 1157 Sutton',
1654 1109 1949 1149 remoueatur.

544 1177 608 1217 De
632 1175 834 1230 Philippo
857 1176 908 1217 de
931 1177 1156 1219 Fernlawe
1174 1177 1402 1219 dimidiam
1424 1191 1618 1219 marcam
1643 1177 1745 1231 quia
1767 1191 1855 1218 non
1879 1177 2033 1218 habuit
2056 1191 2186 1230 quem

454 1245 666 1299 plegiauit
688 1245 733 1286 in
760 1245 1045 1288 Staffordsir.'

544 1316 690 1356 Hamo
712 1314 828 1356 filius
851 1315 1099 1357 Marescalli
1113 1316 1127 1338 2
1149 1316 1262 1371 cepit
1284 1317 1453 1371 lepores
1477 1316 1522 1357 in
1546 1330 1751 1358 warenna
1774 1316 1825 1357 de
1847 1317 2068 1370 Bulregg'.

543 1385 675 1438 Hugo
696 1385 948 1426 Extraneus
972 1385 1187 1427 similiter.

544 1454 759 1495 Homines
780 1454 987 1496 Willelmi
1009 1454 1088 1495 filii
1110 1454 1240 1496 Alani
1263 1455 1479 1496 similiter.

543 1523 764 1565 Walterus
788 1523 839 1564 de
861 1523 1133 1565 Bascherthe
1165 1524 1211 1564 in
1234 1523 1535 1566 misericordia
1567 1523 1668 1578 quia
1691 1523 1896 1578 cognouit
1919 1524 2033 1578 quod
2064 1524 2186 1579 prius

456 1593 651 1647 negauit.

545 1662 761 1704 Viuianus
784 1662 835 1704 de
858 1663 1039 1704 Rushal’
1065 1663 1140 1705 dat
1164 1665 1251 1705 tres
1274 1677 1446 1705 marcas
1468 1666 1514 1705 vt
1538 1663 1711 1718 quietus
1735 1663 1790 1704 511
1814 1663 1865 1706 (10
1887 1663 2112 1717 plegiacio.

546 1733 805 1785 Preceptum
828 1740 893 1773 est
917 1732 1109 1774 Guidoni
1131 1733 1330 1775 venatori
1352 1734 1466 1787 quod
1489 1748 1587 1774 cum
1611 1733 1831 1774 viridariis
1855 1733 1998 1786 capiat
2022 1736 2187 1774 terram

458 1803 624 1843 Thome
647 1802 699 1843 de
730 1802 958 1844 Costentin
982 1804 1024 1843 et
1046 1802 1226 1843 boscum
1251 1817 1380 1843 51111111
1403 1803 1477 1856 (1111
1500 1817 1575 1856 per
1598 1803 1757 1843 falsam
1780 1802 1972 1843 iuratam
1996 1801 2159 1843 eiectus
2174 1802 2189 1824 3

459 1873 540 1913 fuit
563 1873 616 1913 de
639 1873 814 1920 foresta,
839 1874 881 1913 et
905 1872 1105 1913 similiter
1129 1872 1243 1925 quod
1275 1872 1470 1926 inquirat
1496 1872 1677 1913 nomina
1700 1872 1875 1912 illorum
1899 1871 1972 1925 qui
1994 1871 2188 1913 iuratam

457 1941 578 1982 illam
602 1941 811 1989 fecerunt,
836 1942 878 1982 et
900 1941 1061 1982 habere
1084 1941 1230 1982 faciat.

546 2010 767 2051 Iohannes
800 2010 968 2063 Baggot
1001 2010 1163 2064 recepit
1186 2011 1302 2064 apud
1334 2011 1626 2052 Elemenhull’
1651 2024 1781 2052 canes
1803 2012 1845 2052 et
1874 2010 2120 2052 bersatores
2143 2010 2189 2051 in

461 2080 584 2124 Staff’
610 2079 683 2133 qui
705 2079 939 2121 veniebant
963 2080 1018 2121 ad
1040 2081 1306 2121 currendum
1329 2080 1375 2121 in
1399 2080 1671 2121 Turrewode.

547 2151 693 2191 Hamo
709 2150 759 2190 de
779 2149 969 2191 Weston’
988 2149 1189 2191 similiter
1206 2150 1368 2203 recepit
1383 2164 1513 2191 canes
1531 2152 1572 2192 et
1588 2150 1832 2191 bersatores
1847 2149 1963 2203 apud
1977 2150 2188 2192 Westan'.

548 2219 738 2261 Nomina
752 2220 766 2241 ⁴
788 2219 1099 2261 viridariorum
1121 2219 1168 2260 in
1194 2219 1436 2274 Salopsir’.5

508 2315 515 2332 ¹
543 2314 616 2345 The
634 2313 778 2345 Charter
802 2314 907 2346 above
932 2314 1130 2345 mentioned
1154 2314 1184 2345 15
1209 2314 1291 2345 111115

465 2358 617 2390 enrolled
634 2369 679 2389 on
696 2358 755 2389 the
773 2358 836 2389 roll
854 2359 888 2390 of
905 2358 1068 2390 Charters
1085 2360 1120 2390 of
1136 2358 1195 2389 the
1213 2359 1292 2389 fifth

465 2414 545 2444 year
562 2404 596 2433 of
613 2402 706 2433 John
719 2412 771 2433 :—

512 2452 518 2463 ⁴
534 2447 642 2478 Carta
656 2446 694 2477 cle
706 2446 892 2477 Browmla.
929 2446 1103 2478 lohannes
1115 2446 1167 2477 dei
1179 2447 1294 2486 gracia

467 2494 530 2521 etc.
601 2490 724 2521 Sciatis
764 2500 826 2520 nos
866 2491 1006 2521 omnino
1047 2491 1294 2521 (leaforestasse

468 2536 631 2565 forestam
657 2534 697 2564 de
721 2534 888 2564 Browuda
913 2534 953 2564 de
977 2534 1138 2565 omnibus
1162 2545 1226 2574 que
1252 2534 1294 2565 ad

468 2580 631 2609 forestam
664 2580 696 2608 et
728 2578 924 2608 forestarios
954 2579 1135 2617 pertinent.
1183 2579 1294 2617 Quare

469 2623 630 2653 uolumus
651 2624 683 2652 et
708 2622 850 2652 firmiter
875 2622 1082 2661 precipimus
1107 2622 1197 2661 quod
1222 2632 1294 2662 pre-

461 2667 562 2706 ·dicta
580 2667 706 2696 foresta
723 2669 755 2696 01
781 2665 939 2696 homines
955 2666 991 2695 in
1008 2676 1047 2696 ea
1064 2669 1244 2697 manentes
1261 2672 1294 2697 et

470 2710 611 2740 heredes
650 2719 767 2740 eorum
807 2710 875 2739 sint
914 2709 1136 2741 deaforestati
1182 2710 1293 2749 inper-

469 2759 612 2794 petuum
630 2756 662 2784 et
681 2753 782 2784 soluti
800 2756 832 2783 et
849 2753 954 2792 quieti
972 2753 1012 2784 de
1029 2753 1127 2784 nobis
1145 2756 1177 2784 et
1200 2754 1293 2784 here-

471 2798 570 2828 dibus
588 2797 714 2828 nostris
732 2796 772 2828 ab
791 2796 950 2828 omnibus
975 2807 1039 2836 que
1064 2797 1106 2828 ad
1132 2798 1294 2828 forestam

470 2841 522 2872 vel
544 2841 741 2871 forestarios
758 2840 942 2880 pertinent.
990 2841 1149 2872 'festibus
1168 2842 1207 2871 G.
1225 2841 1295 2872 filio

471 2885 562 2916 l’etri
580 2885 714 2920 etc.‚XV.
729 2884 931 2915 Marescallo
948 2885 1072 2915 comite
1090 2885 1129 2915 de
1144 2886 1294 2916 Penbroc

470 2930 509 2959 R.
546 2930 670 2959 comite
711 2928 830 2964 Cestr',
859 2929 911 2959 W.
943 2930 1067 2959 comite
1109 2929 1210 2965 Sarr’,
1244 2930 1295 2960 W.

471 2974 595 3004 comite
613 2972 653 3003 de
669 2973 841 3008 Warenn',
856 2972 1028 3003 KVillelmo
1041 2973 1080 3003 de
1094 2973 1222 3003 Breosa
1233 2975 1295 3004 etc.

471 3018 561 3047 Data
585 3027 644 3055 per
668 3026 810 3046 manum
837 3017 868 3047 S.
887 3017 1050 3056 prepositi
1074 3016 1208 3047 Beuerl’
1233 3019 1296 3048 etc.

472 3061 563 3100 apud
602 3061 731 3099 Bruges
771 3060 829 3099 xiij
872 3060 925 3091 die
958 3060 1078 3092 Marcii
1111 3071 1201 3092 anno
1233 3062 1295 3091 etc.

472 3106 614 3143 1111111111]

516 3149 527 3165 2
552 3148 623 3178 MS.
642 3151 648 3164 ‘
664 3148 854 3178 Marcscat)

1405 2316 1416 2332 ³
1440 2314 1511 2346 MS.
1530 2314 1670 2345 ‘eiecit'

1407 2360 1417 2377 ⁴
1442 2358 1514 2389 The
1532 2369 1651 2389 names
1669 2368 1725 2390 are
1742 2360 1802 2389 not
1814 2358 1946 2389 written
1965 2358 2000 2388 in
2016 2357 2075 2388 the
2093 2357 2166 2388 roll.

1406 2404 1417 2420 ⁵
1442 2403 1514 2434 The
1554 2403 1659 2434 above
1699 2403 1821 2434 official
1861 2403 2065 2442 transcripte
2104 2411 2189 2432 were

1362 2447 1462 2478 made
1480 2448 1515 2477 in
1533 2447 1591 2477 the
1616 2447 1710 2486 reign
1735 2448 1769 2477 01
1793 2446 1940 2477 Edward
1964 2447 1985 2476 i.
2011 2445 2109 2476 when
2133 2445 2188 2475 his

1363 2492 1486 2522 1010515
1518 2501 1603 2522 were
1636 2492 1736 2530 being
1767 2490 2027 2531 perambulated
2058 2489 2139 2520 with
2169 2499 2189 2520 a

1363 2535 1447 2565 view
1475 2538 1509 2566 to
1541 2535 1640 2566 those
1665 2539 1761 2574 parts
1791 2535 1824 2566 of
1856 2535 1951 2565 them
1978 2533 2091 2564 which
2120 2533 2189 2564 had

1363 2579 1448 2609 been
1472 2579 1680 2619 improperly
1704 2578 1885 2610 afforested
1907 2578 2008 2617 being
2035 2577 2188 2608 (115111101-

1364 2622 1469 2653 ested.
1530 2623 1596 2653 His
1613 2623 1765 2653 advisere
1782 2622 1851 2654 had
1868 2621 2073 2660 transcripts
2090 2621 2190 2651 made

1364 2668 1398 2697 of
1416 2677 1509 2697 some
1526 2668 1560 2698 01
1577 2667 1635 2697 1110
1653 2668 1758 2697 101051
1770 2677 1845 2706 eyre
1859 2666 1940 2697 rolls
1955 2667 1989 2696 of
2006 2666 2064 2696 the
2076 2665 2189 2703 reigns

1364 2710 1398 2741 of
1426 2711 1518 2741 John
1544 2711 1611 2741 and
1637 2711 1754 2750 Hem-y
1772 2710 1818 2740 iii.
1837 2711 1872 2740 in
1898 2709 1995 2741 order
2021 2712 2055 2740 to
2080 2718 2188 2740 ascer-

1363 2755 1437 2785 tain
1462 2754 1553 2785 what
1580 2754 1696 2794 places
1722 2754 1790 2785 had
1816 2753 1978 2793 formerly
2002 2753 2086 2784 been
2111 2762 2189 2783 con-

1364 2798 1495 2828 sidered
1512 2801 1547 2829 to
1565 2799 1604 2829 be
1620 2798 1740 2829 within
1766 2798 1825 2828 the
1850 2799 1984 2829 forests.
2031 2797 2104 2827 The
2128 2796 2189 2826 fol-

1364 2841 1488 2879 lowing
1504 2845 1602 2882 entry
1620 2843 1648 2873 is
1666 2842 1799 2873 written
1825 2852 1868 2873 on
1894 2841 1952 2872 the
1975 2841 2043 2872 last
2067 2839 2190 2871 official

1365 2887 1550 2925 transcript
1567 2886 1701 2925 printed
1719 2886 1823 2916 above
1837 2896 1889 2916 :—

1409 2931 1473 2960 ‘Et
1501 2930 1678 2960 sciendum
1705 2930 1794 2968 quod
1822 2929 1935 2969 plures
1964 2928 2022 2959 alii
2049 2927 2188 2959 amerci-

1366 2976 1467 3004 antur
1485 2984 1545 3013 pro
1563 2973 1680 3005 eodem
1697 2976 1798 3013 prout
1814 2973 2009 3004 continetur
2026 2971 2062 3002 in
2079 2971 2190 3002 rotulo

1365 3018 1422 3056 qui
1448 3017 1570 3056 incipit
1596 3018 1643 3048 sic
1659 3017 1988 3048 :jAmerciamenta
2017 3015 2056 3046 de
2078 3014 2189 3051 viridi,

1366 3071 1472 3100 usque
1491 3063 1670 3092 Summam
1689 3062 1732 3100 vij
1754 3061 1788 3091 li'
1807 3062 1840 3091 ix
1858 3062 1893 3091 3⁵.
1932 3061 1978 3091 Et
1995 3059 2075 3099 quia
2093 3058 2189 3089 nulla

1365 3105 1495 3135 mentio
1525 3107 1561 3135 fit
1591 3105 1630 3135 de
1659 3105 1774 3144 aliqua
1792 3105 1911 3136 villata
1936 3113 2005 3135 non
2030 3103 2190 3134 scribitur

1365 3148 1443 3188 plus
1461 3148 1500 3180 de
1517 3149 1628 3180 rotulo
1644 3148 1725 3180 illo!
