<?xml version="1.0" encoding="UTF-8"?>
<!DOCTYPE html PUBLIC "-//W3C//DTD XHTML 1.0 Transitional//EN"
    "http://www.w3.org/TR/xhtml1/DTD/xhtml1-transitional.dtd">
<html xmlns="http://www.w3.org/1999/xhtml" xml:lang="en" lang="en">
 <head>
  <title>
</title>
<meta http-equiv="Content-Type" content="text/html;charset=utf-8" />
  <meta name='ocr-system' content='tesseract 3.04.00' />
  <meta name='ocr-capabilities' content='ocr_page ocr_carea ocr_par ocr_line ocrx_word'/>
</head>
<body>
  <div class='ocr_page' id='page_1' title='image "./selectpleasoffor00grearich_0260.png"; bbox 0 0 2421 3529; ppageno 0'>
   <div class='ocr_carea' id='block_1_1' title="bbox 233 1006 352 1037">
    <p class='ocr_par' dir='ltr' id='par_1_1' title="bbox 233 1006 352 1037">
     <span class='ocr_line' id='line_1_1' title="bbox 233 1006 352 1037; baseline 0.008 -7"><span class='ocrx_word' id='word_1_1' title='bbox 233 1006 352 1037; x_wconf 44' lang='lat' dir='ltr'>prisona&lt;</span> 
     </span>
    </p>
   </div>
   <div class='ocr_carea' id='block_1_2' title="bbox 233 1084 349 1141">
    <p class='ocr_par' dir='ltr' id='par_1_2' title="bbox 233 1084 349 1141">
     <span class='ocr_line' id='line_1_2' title="bbox 233 1084 349 1107; baseline 0 0"><span class='ocrx_word' id='word_1_2' title='bbox 233 1084 349 1107; x_wconf 75' lang='lat' dir='ltr'>dimidia</span> 
     </span>
     <span class='ocr_line' id='line_1_3' title="bbox 234 1124 337 1141; baseline 0.01 -1"><span class='ocrx_word' id='word_1_3' title='bbox 234 1124 337 1141; x_wconf 69' lang='lat' dir='ltr'>marca.</span> 
     </span>
    </p>
   </div>
   <div class='ocr_carea' id='block_1_3' title="bbox 232 1217 350 1274">
    <p class='ocr_par' dir='ltr' id='par_1_3' title="bbox 232 1217 350 1274">
     <span class='ocr_line' id='line_1_4' title="bbox 232 1217 350 1240; baseline 0 0"><span class='ocrx_word' id='word_1_4' title='bbox 232 1217 350 1240; x_wconf 77' lang='lat' dir='ltr'>dimidia</span> 
     </span>
     <span class='ocr_line' id='line_1_5' title="bbox 234 1258 337 1274; baseline 0 0"><span class='ocrx_word' id='word_1_5' title='bbox 234 1258 337 1274; x_wconf 73' lang='lat' dir='ltr'>marca.</span> 
     </span>
    </p>
   </div>
   <div class='ocr_carea' id='block_1_4' title="bbox 233 1357 352 1415">
    <p class='ocr_par' dir='ltr' id='par_1_4' title="bbox 233 1357 352 1415">
     <span class='ocr_line' id='line_1_6' title="bbox 233 1357 352 1381; baseline 0.017 -2"><span class='ocrx_word' id='word_1_6' title='bbox 233 1357 352 1381; x_wconf 70' lang='lat' dir='ltr'>dimidia</span> 
     </span>
     <span class='ocr_line' id='line_1_7' title="bbox 233 1398 336 1415; baseline 0.01 -1"><span class='ocrx_word' id='word_1_7' title='bbox 233 1398 336 1415; x_wconf 57' lang='lat' dir='ltr'>marca.</span> 
     </span>
    </p>
   </div>
   <div class='ocr_carea' id='block_1_5' title="bbox 233 1498 310 1523">
    <p class='ocr_par' dir='ltr' id='par_1_5' title="bbox 233 1498 310 1523">
     <span class='ocr_line' id='line_1_8' title="bbox 233 1498 310 1523; baseline 0.013 -1"><span class='ocrx_word' id='word_1_8' title='bbox 233 1498 310 1523; x_wconf 77' lang='lat' dir='ltr'>alibi.</span> 
     </span>
    </p>
   </div>
   <div class='ocr_carea' id='block_1_6' title="bbox 233 1565 312 1590">
    <p class='ocr_par' dir='ltr' id='par_1_6' title="bbox 233 1565 312 1590">
     <span class='ocr_line' id='line_1_9' title="bbox 233 1565 312 1590; baseline 0.038 -3"><span class='ocrx_word' id='word_1_9' title='bbox 233 1565 312 1590; x_wconf 81' lang='lat' dir='ltr'>alibi.</span> 
     </span>
    </p>
   </div>
   <div class='ocr_carea' id='block_1_7' title="bbox 235 1983 374 2013">
    <p class='ocr_par' dir='ltr' id='par_1_7' title="bbox 235 1983 374 2013">
     <span class='ocr_line' id='line_1_10' title="bbox 235 1983 374 2013; baseline 0 -6"><span class='ocrx_word' id='word_1_10' title='bbox 235 1983 374 2013; x_wconf 65' lang='lat' dir='ltr'>exigatur.</span> 
     </span>
    </p>
   </div>
   <div class='ocr_carea' id='block_1_8' title="bbox 237 2608 313 2632">
    <p class='ocr_par' dir='ltr' id='par_1_8' title="bbox 237 2608 313 2632">
     <span class='ocr_line' id='line_1_11' title="bbox 237 2608 313 2632; baseline -0.013 0"><span class='ocrx_word' id='word_1_11' title='bbox 237 2609 272 2632; x_wconf 68' lang='lat'>:111</span> <span class='ocrx_word' id='word_1_12' title='bbox 279 2608 313 2632; x_wconf 56' lang='grc'>111,</span> 
     </span>
    </p>
   </div>
   <div class='ocr_carea' id='block_1_9' title="bbox 467 242 1945 287">
    <p class='ocr_par' dir='ltr' id='par_1_9' title="bbox 467 242 1945 287">
     <span class='ocr_line' id='line_1_12' title="bbox 467 242 1945 287; baseline -0.003 0"><span class='ocrx_word' id='word_1_13' title='bbox 467 242 526 287; x_wconf 73' lang='grc'>56</span> <span class='ocrx_word' id='word_1_14' title='bbox 723 249 1031 284; x_wconf 55' lang='lat' dir='ltr'>SELECTIoNS</span> <span class='ocrx_word' id='word_1_15' title='bbox 1070 249 1209 284; x_wconf 77' lang='lat' dir='ltr'>FROM</span> <span class='ocrx_word' id='word_1_16' title='bbox 1245 249 1347 282; x_wconf 79' lang='lat' dir='ltr'>THE</span> <span class='ocrx_word' id='word_1_17' title='bbox 1384 249 1575 283; x_wconf 68' lang='lat' dir='ltr'>FOREsT</span> <span class='ocrx_word' id='word_1_18' title='bbox 1612 247 1747 282; x_wconf 63' lang='lat' dir='ltr'>EYRE</span> <span class='ocrx_word' id='word_1_19' title='bbox 1785 248 1945 282; x_wconf 77' lang='lat' dir='ltr'>ROLLS</span> 
     </span>
    </p>
   </div>
   <div class='ocr_carea' id='block_1_10' title="bbox 466 360 2201 2772">
    <p class='ocr_par' dir='ltr' id='par_1_10' title="bbox 466 360 2200 1458">
     <span class='ocr_line' id='line_1_13' title="bbox 466 360 2195 419; baseline -0.001 -13"><span class='ocrx_word' id='word_1_20' title='bbox 466 376 705 419; x_wconf 73' lang='lat' dir='ltr'>quercuum</span> <span class='ocrx_word' id='word_1_21' title='bbox 745 363 1027 405; x_wconf 86' lang='lat' dir='ltr'>tetenderunt</span> <span class='ocrx_word' id='word_1_22' title='bbox 1064 364 1242 417; x_wconf 86' lang='lat' dir='ltr'>laqueos</span> <span class='ocrx_word' id='word_1_23' title='bbox 1280 362 1334 404; x_wconf 90' lang='lat' dir='ltr'>ad</span> <span class='ocrx_word' id='word_1_24' title='bbox 1369 362 1486 416; x_wconf 84' lang='lat' dir='ltr'>ipsas</span> <span class='ocrx_word' id='word_1_25' title='bbox 1522 361 1782 416; x_wconf 85' lang='lat' dir='ltr'>capiendas;</span> <span class='ocrx_word' id='word_1_26' title='bbox 1817 363 1860 402; x_wconf 90' lang='lat' dir='ltr'>et</span> <span class='ocrx_word' id='word_1_27' title='bbox 1894 360 1940 402; x_wconf 90' lang='lat' dir='ltr'>in</span> <span class='ocrx_word' id='word_1_28' title='bbox 1975 362 2195 405; x_wconf 88' lang='lat' dir='ltr'>crastino¹</span> 
     </span>
     <span class='ocr_line' id='line_1_14' title="bbox 469 430 2195 485; baseline -0.002 -9"><span class='ocrx_word' id='word_1_29' title='bbox 469 433 679 476; x_wconf 84' lang='lat' dir='ltr'>Omnium</span> <span class='ocrx_word' id='word_1_30' title='bbox 705 432 965 474; x_wconf 83' lang='lat' dir='ltr'>Sanctorum</span> <span class='ocrx_word' id='word_1_31' title='bbox 990 446 1107 474; x_wconf 83' lang='lat' dir='ltr'>anno</span> <span class='ocrx_word' id='word_1_32' title='bbox 1126 431 1460 485; x_wconf 82' lang='lat' dir='ltr'>quadragesimo</span> <span class='ocrx_word' id='word_1_33' title='bbox 1479 431 1658 485; x_wconf 76' lang='lat' dir='ltr'>quart02</span> <span class='ocrx_word' id='word_1_34' title='bbox 1682 430 1939 483; x_wconf 89' lang='lat' dir='ltr'>superuenit</span> <span class='ocrx_word' id='word_1_35' title='bbox 1962 430 2195 473; x_wconf 78' lang='lat' dir='ltr'>Bartholo-</span> 
     </span>
     <span class='ocr_line' id='line_1_15' title="bbox 466 499 2198 555; baseline -0.001 -11"><span class='ocrx_word' id='word_1_36' title='bbox 466 517 592 544; x_wconf 89' lang='lat' dir='ltr'>meus</span> <span class='ocrx_word' id='word_1_37' title='bbox 614 500 839 555; x_wconf 87' lang='lat' dir='ltr'>parcarius</span> <span class='ocrx_word' id='word_1_38' title='bbox 863 503 904 542; x_wconf 86' lang='lat' dir='ltr'>ct</span> <span class='ocrx_word' id='word_1_39' title='bbox 927 501 1098 543; x_wconf 87' lang='lat' dir='ltr'>inuenit</span> <span class='ocrx_word' id='word_1_40' title='bbox 1121 500 1337 555; x_wconf 88' lang='lat' dir='ltr'>predictos</span> <span class='ocrx_word' id='word_1_41' title='bbox 1361 500 1664 542; x_wconf 74' lang='lat' dir='ltr'>malefactores</span> <span class='ocrx_word' id='word_1_42' title='bbox 1687 513 1787 541; x_wconf 87' lang='lat' dir='ltr'>cum</span> <span class='ocrx_word' id='word_1_43' title='bbox 1805 499 2013 552; x_wconf 72' lang='lat' dir='ltr'>predictis</span> <span class='ocrx_word' id='word_1_44' title='bbox 2028 501 2198 554; x_wconf 80' lang='lat' dir='ltr'>laqueis</span> 
     </span>
     <span class='ocr_line' id='line_1_16' title="bbox 466 569 2195 624; baseline -0.001 -10"><span class='ocrx_word' id='word_1_45' title='bbox 466 571 672 620; x_wconf 72' lang='lat' dir='ltr'>extensis,</span> <span class='ocrx_word' id='word_1_46' title='bbox 708 573 750 612; x_wconf 90' lang='lat' dir='ltr'>et</span> <span class='ocrx_word' id='word_1_47' title='bbox 785 570 898 624; x_wconf 90' lang='lat' dir='ltr'>cepit</span> <span class='ocrx_word' id='word_1_48' title='bbox 932 585 1018 620; x_wconf 90' lang='grc'>606,</span> <span class='ocrx_word' id='word_1_49' title='bbox 1055 574 1097 612; x_wconf 87' lang='grc'>61</span> <span class='ocrx_word' id='word_1_50' title='bbox 1131 569 1335 611; x_wconf 87' lang='lat' dir='ltr'>liberauit</span> <span class='ocrx_word' id='word_1_51' title='bbox 1358 583 1430 611; x_wconf 88' lang='lat' dir='ltr'>eos</span> <span class='ocrx_word' id='word_1_52' title='bbox 1452 569 1698 612; x_wconf 85' lang='lat' dir='ltr'>Willelmo3</span> <span class='ocrx_word' id='word_1_53' title='bbox 1721 569 1764 610; x_wconf 88' lang='lat' dir='ltr'>la</span> <span class='ocrx_word' id='word_1_54' title='bbox 1787 569 1935 610; x_wconf 87' lang='lat' dir='ltr'>Zuche</span> <span class='ocrx_word' id='word_1_55' title='bbox 1958 571 2063 611; x_wconf 90' lang='lat' dir='ltr'>tunc</span> <span class='ocrx_word' id='word_1_56' title='bbox 2086 570 2195 612; x_wconf 84' lang='lat' dir='ltr'>vice-</span> 
     </span>
     <span class='ocr_line' id='line_1_17' title="bbox 466 638 2196 693; baseline -0.001 -11"><span class='ocrx_word' id='word_1_57' title='bbox 466 640 616 682; x_wconf 88' lang='lat' dir='ltr'>comiti</span> <span class='ocrx_word' id='word_1_58' title='bbox 642 640 761 682; x_wconf 79' lang='lat' dir='ltr'>Surr’</span> <span class='ocrx_word' id='word_1_59' title='bbox 782 640 836 680; x_wconf 89' lang='lat' dir='ltr'>ad</span> <span class='ocrx_word' id='word_1_60' title='bbox 860 639 1248 693; x_wconf 82' lang='lat' dir='ltr'>inprisonandum3</span> <span class='ocrx_word' id='word_1_61' title='bbox 1273 641 1315 680; x_wconf 93' lang='lat' dir='ltr'>et</span> <span class='ocrx_word' id='word_1_62' title='bbox 1333 639 1615 692; x_wconf 89' lang='lat' dir='ltr'>postmodum</span> <span class='ocrx_word' id='word_1_63' title='bbox 1633 652 1708 691; x_wconf 89' lang='lat' dir='ltr'>per</span> <span class='ocrx_word' id='word_1_64' title='bbox 1725 638 1987 680; x_wconf 86' lang='lat' dir='ltr'>mandatum</span> <span class='ocrx_word' id='word_1_65' title='bbox 2007 639 2196 681; x_wconf 74' lang='lat' dir='ltr'>Thome⁴</span> 
     </span>
     <span class='ocr_line' id='line_1_18' title="bbox 467 706 2197 762; baseline 0 -12"><span class='ocrx_word' id='word_1_66' title='bbox 467 710 520 751; x_wconf 89' lang='lat' dir='ltr'>de</span> <span class='ocrx_word' id='word_1_67' title='bbox 542 709 788 762; x_wconf 79' lang='lat' dir='ltr'>Gredlegh’,</span> <span class='ocrx_word' id='word_1_68' title='bbox 812 711 917 750; x_wconf 91' lang='lat' dir='ltr'>tunc</span> <span class='ocrx_word' id='word_1_69' title='bbox 948 708 1179 750; x_wconf 87' lang='lat' dir='ltr'>iusticiarii</span> <span class='ocrx_word' id='word_1_70' title='bbox 1209 708 1381 757; x_wconf 86' lang='lat' dir='ltr'>foreste,</span> <span class='ocrx_word' id='word_1_71' title='bbox 1404 707 1580 749; x_wconf 85' lang='lat' dir='ltr'>liberati</span> <span class='ocrx_word' id='word_1_72' title='bbox 1613 708 1738 748; x_wconf 90' lang='lat' dir='ltr'>erant</span> <span class='ocrx_word' id='word_1_73' title='bbox 1760 721 1836 760; x_wconf 90' lang='lat' dir='ltr'>per</span> <span class='ocrx_word' id='word_1_74' title='bbox 1859 706 2041 748; x_wconf 88' lang='lat' dir='ltr'>ballium</span> <span class='ocrx_word' id='word_1_75' title='bbox 2064 722 2197 762; x_wconf 81' lang='lat' dir='ltr'>Vsque</span> 
     </span>
     <span class='ocr_line' id='line_1_19' title="bbox 467 776 2195 832; baseline -0.001 -13"><span class='ocrx_word' id='word_1_76' title='bbox 467 779 522 820; x_wconf 84' lang='lat' dir='ltr'>ad</span> <span class='ocrx_word' id='word_1_77' title='bbox 545 778 744 832; x_wconf 75' lang='lat' dir='ltr'>proxima</span> <span class='ocrx_word' id='word_1_78' title='bbox 766 778 928 831; x_wconf 82' lang='lat' dir='ltr'>placita</span> <span class='ocrx_word' id='word_1_79' title='bbox 951 778 1122 819; x_wconf 81' lang='lat' dir='ltr'>foreste.</span> <span class='ocrx_word' id='word_1_80' title='bbox 1186 777 1375 819; x_wconf 87' lang='lat' dir='ltr'>Predicti</span> <span class='ocrx_word' id='word_1_81' title='bbox 1409 777 1652 818; x_wconf 80' lang='lat' dir='ltr'>Willelmus</span> <span class='ocrx_word' id='word_1_82' title='bbox 1690 777 1732 817; x_wconf 91' lang='lat' dir='ltr'>et</span> <span class='ocrx_word' id='word_1_83' title='bbox 1767 776 1982 817; x_wconf 83' lang='lat' dir='ltr'>Radulfus</span> <span class='ocrx_word' id='word_1_84' title='bbox 2017 777 2195 827; x_wconf 85' lang='lat' dir='ltr'>mortui,</span> 
     </span>
     <span class='ocr_line' id='line_1_20' title="bbox 466 844 2199 901; baseline -0.002 -12"><span class='ocrx_word' id='word_1_85' title='bbox 466 847 675 889; x_wconf 87' lang='lat' dir='ltr'>essoniati</span> <span class='ocrx_word' id='word_1_86' title='bbox 710 848 850 901; x_wconf 86' lang='lat' dir='ltr'>primo</span> <span class='ocrx_word' id='word_1_87' title='bbox 885 846 953 888; x_wconf 90' lang='lat' dir='ltr'>die</span> <span class='ocrx_word' id='word_1_88' title='bbox 990 847 1040 888; x_wconf 89' lang='lat' dir='ltr'>de</span> <span class='ocrx_word' id='word_1_89' title='bbox 1075 848 1242 895; x_wconf 88' lang='lat' dir='ltr'>morte;</span> <span class='ocrx_word' id='word_1_90' title='bbox 1289 846 1384 888; x_wconf 90' lang='lat' dir='ltr'>ideo</span> <span class='ocrx_word' id='word_1_91' title='bbox 1418 845 1549 900; x_wconf 76' lang='lat' dir='ltr'>plegii</span> <span class='ocrx_word' id='word_1_92' title='bbox 1584 845 1651 886; x_wconf 88' lang='lat' dir='ltr'>sui</span> <span class='ocrx_word' id='word_1_93' title='bbox 1690 844 1839 898; x_wconf 87' lang='lat' dir='ltr'>quieti.</span> <span class='ocrx_word' id='word_1_94' title='bbox 1914 844 1974 886; x_wconf 87' lang='lat' dir='ltr'>Et</span> <span class='ocrx_word' id='word_1_95' title='bbox 2015 845 2199 899; x_wconf 77' lang='lat' dir='ltr'>predicti</span> 
     </span>
     <span class='ocr_line' id='line_1_21' title="bbox 468 914 2200 969; baseline -0.002 -11"><span class='ocrx_word' id='word_1_96' title='bbox 468 918 698 967; x_wconf 72' lang='lat' dir='ltr'>Robertus,</span> <span class='ocrx_word' id='word_1_97' title='bbox 724 917 880 958; x_wconf 86' lang='lat' dir='ltr'>Petrus</span> <span class='ocrx_word' id='word_1_98' title='bbox 904 919 945 958; x_wconf 91' lang='lat' dir='ltr'>et</span> <span class='ocrx_word' id='word_1_99' title='bbox 978 917 1201 958; x_wconf 85' lang='lat' dir='ltr'>Iohannes</span> <span class='ocrx_word' id='word_1_100' title='bbox 1228 918 1443 958; x_wconf 82' lang='lat' dir='ltr'>venerunt</span> <span class='ocrx_word' id='word_1_101' title='bbox 1465 918 1508 956; x_wconf 86' lang='lat' dir='ltr'>et</span> <span class='ocrx_word' id='word_1_102' title='bbox 1531 929 1660 969; x_wconf 86' lang='lat' dir='ltr'>super</span> <span class='ocrx_word' id='word_1_103' title='bbox 1697 914 1778 956; x_wconf 91' lang='lat' dir='ltr'>hoc</span> <span class='ocrx_word' id='word_1_104' title='bbox 1812 914 2002 955; x_wconf 87' lang='lat' dir='ltr'>conuicti</span> <span class='ocrx_word' id='word_1_105' title='bbox 2036 914 2200 956; x_wconf 88' lang='lat' dir='ltr'>detenti</span> 
     </span>
     <span class='ocr_line' id='line_1_22' title="bbox 467 984 2200 1040; baseline -0.001 -13"><span class='ocrx_word' id='word_1_106' title='bbox 467 990 571 1028; x_wconf 87' lang='lat' dir='ltr'>sunt</span> <span class='ocrx_word' id='word_1_107' title='bbox 614 987 658 1027; x_wconf 90' lang='lat' dir='ltr'>in</span> <span class='ocrx_word' id='word_1_108' title='bbox 700 985 892 1040; x_wconf 86' lang='lat' dir='ltr'>prisona.</span> <span class='ocrx_word' id='word_1_109' title='bbox 956 986 1113 1027; x_wconf 84' lang='lat' dir='ltr'>Postea</span> <span class='ocrx_word' id='word_1_110' title='bbox 1155 984 1376 1039; x_wconf 86' lang='lat' dir='ltr'>predictus</span> <span class='ocrx_word' id='word_1_111' title='bbox 1430 985 1651 1026; x_wconf 86' lang='lat' dir='ltr'>Iohannes</span> <span class='ocrx_word' id='word_1_112' title='bbox 1693 984 1923 1033; x_wconf 89' lang='lat' dir='ltr'>Attedone,</span> <span class='ocrx_word' id='word_1_113' title='bbox 1959 984 2141 1025; x_wconf 86' lang='lat' dir='ltr'>eductus</span> <span class='ocrx_word' id='word_1_114' title='bbox 2175 998 2200 1025; x_wconf 88' lang='lat' dir='ltr'>a</span> 
     </span>
     <span class='ocr_line' id='line_1_23' title="bbox 467 1053 2198 1109; baseline -0.002 -13"><span class='ocrx_word' id='word_1_115' title='bbox 467 1056 657 1109; x_wconf 83' lang='lat' dir='ltr'>prisona,</span> <span class='ocrx_word' id='word_1_116' title='bbox 691 1054 824 1096; x_wconf 87' lang='lat' dir='ltr'>finem</span> <span class='ocrx_word' id='word_1_117' title='bbox 848 1055 947 1096; x_wconf 86' lang='lat' dir='ltr'>fecit</span> <span class='ocrx_word' id='word_1_118' title='bbox 970 1069 1045 1108; x_wconf 88' lang='lat' dir='ltr'>per</span> <span class='ocrx_word' id='word_1_119' title='bbox 1069 1055 1297 1097; x_wconf 75' lang='lat' dir='ltr'>dimidiam</span> <span class='ocrx_word' id='word_1_120' title='bbox 1332 1068 1527 1096; x_wconf 87' lang='lat' dir='ltr'>marcam</span> <span class='ocrx_word' id='word_1_121' title='bbox 1557 1067 1632 1107; x_wconf 89' lang='lat' dir='ltr'>per</span> <span class='ocrx_word' id='word_1_122' title='bbox 1661 1053 1886 1107; x_wconf 83' lang='lat' dir='ltr'>pleuinam</span> <span class='ocrx_word' id='word_1_123' title='bbox 1910 1053 2123 1094; x_wconf 84' lang='lat' dir='ltr'>Iohannis</span> <span class='ocrx_word' id='word_1_124' title='bbox 2147 1053 2198 1094; x_wconf 89' lang='lat' dir='ltr'>de</span> 
     </span>
     <span class='ocr_line' id='line_1_24' title="bbox 468 1123 2198 1178; baseline -0.001 -11"><span class='ocrx_word' id='word_1_125' title='bbox 468 1126 660 1168; x_wconf 80' lang='lat' dir='ltr'>Garkem</span> <span class='ocrx_word' id='word_1_126' title='bbox 686 1158 693 1165; x_wconf 95' lang='lat'><em>.</em></span> <span class='ocrx_word' id='word_1_127' title='bbox 721 1157 729 1165; x_wconf 91' lang='lat'>.</span> <span class='ocrx_word' id='word_1_128' title='bbox 754 1127 797 1166; x_wconf 91' lang='grc'>61</span> <span class='ocrx_word' id='word_1_129' title='bbox 819 1124 1024 1166; x_wconf 73' lang='lat' dir='ltr'>Willelmi</span> <span class='ocrx_word' id='word_1_130' title='bbox 1047 1124 1125 1165; x_wconf 88' lang='lat' dir='ltr'>filii</span> <span class='ocrx_word' id='word_1_131' title='bbox 1149 1124 1387 1168; x_wconf 85' lang='lat' dir='ltr'>Clementis</span> <span class='ocrx_word' id='word_1_132' title='bbox 1411 1124 1461 1165; x_wconf 89' lang='lat' dir='ltr'>de</span> <span class='ocrx_word' id='word_1_133' title='bbox 1484 1124 1826 1178; x_wconf 52' lang='lat' dir='ltr'>XVereplesdon’.</span> <span class='ocrx_word' id='word_1_134' title='bbox 1890 1123 2047 1164; x_wconf 82' lang='lat' dir='ltr'>Postea</span> <span class='ocrx_word' id='word_1_135' title='bbox 2079 1123 2198 1165; x_wconf 88' lang='lat' dir='ltr'>venit</span> 
     </span>
     <span class='ocr_line' id='line_1_25' title="bbox 468 1192 2197 1250; baseline -0.002 -13"><span class='ocrx_word' id='word_1_136' title='bbox 468 1196 684 1237; x_wconf 79' lang='lat' dir='ltr'>Robertus</span> <span class='ocrx_word' id='word_1_137' title='bbox 707 1195 744 1236; x_wconf 91' lang='grc'>16</span> <span class='ocrx_word' id='word_1_138' title='bbox 768 1194 884 1247; x_wconf 82' lang='lat' dir='ltr'>King</span> <span class='ocrx_word' id='word_1_139' title='bbox 916 1193 996 1250; x_wconf 87' lang='lat' dir='ltr'>[et]</span> <span class='ocrx_word' id='word_1_140' title='bbox 1029 1194 1210 1236; x_wconf 86' lang='lat' dir='ltr'>eductus</span> <span class='ocrx_word' id='word_1_141' title='bbox 1234 1208 1259 1236; x_wconf 87' lang='lat' dir='ltr'>a</span> <span class='ocrx_word' id='word_1_142' title='bbox 1281 1194 1460 1248; x_wconf 88' lang='lat' dir='ltr'>prisona</span> <span class='ocrx_word' id='word_1_143' title='bbox 1482 1193 1628 1234; x_wconf 88' lang='lat' dir='ltr'>finiuit</span> <span class='ocrx_word' id='word_1_144' title='bbox 1652 1207 1726 1247; x_wconf 84' lang='lat' dir='ltr'>per</span> <span class='ocrx_word' id='word_1_145' title='bbox 1750 1192 1978 1234; x_wconf 81' lang='lat' dir='ltr'>dimidiam</span> <span class='ocrx_word' id='word_1_146' title='bbox 2001 1206 2197 1234; x_wconf 85' lang='lat' dir='ltr'>marcam</span> 
     </span>
     <span class='ocr_line' id='line_1_26' title="bbox 468 1261 2196 1319; baseline -0.002 -13"><span class='ocrx_word' id='word_1_147' title='bbox 468 1279 543 1319; x_wconf 90' lang='lat' dir='ltr'>per</span> <span class='ocrx_word' id='word_1_148' title='bbox 566 1264 788 1318; x_wconf 85' lang='lat' dir='ltr'>pleuinam</span> <span class='ocrx_word' id='word_1_149' title='bbox 812 1263 991 1305; x_wconf 84' lang='lat' dir='ltr'>Roberti</span> <span class='ocrx_word' id='word_1_150' title='bbox 1010 1263 1061 1304; x_wconf 89' lang='grc'>(16</span> <span class='ocrx_word' id='word_1_151' title='bbox 1086 1264 1221 1305; x_wconf 84' lang='lat' dir='ltr'>Parco</span> <span class='ocrx_word' id='word_1_152' title='bbox 1240 1266 1282 1305; x_wconf 90' lang='lat' dir='ltr'>et</span> <span class='ocrx_word' id='word_1_153' title='bbox 1302 1262 1507 1306; x_wconf 90' lang='lat' dir='ltr'>Willelmi</span> <span class='ocrx_word' id='word_1_154' title='bbox 1526 1263 1576 1304; x_wconf 89' lang='lat' dir='ltr'>de</span> <span class='ocrx_word' id='word_1_155' title='bbox 1595 1263 1838 1316; x_wconf 82' lang='lat' dir='ltr'>Apecrofte.</span> <span class='ocrx_word' id='word_1_156' title='bbox 1891 1262 1951 1303; x_wconf 91' lang='lat' dir='ltr'>Et</span> <span class='ocrx_word' id='word_1_157' title='bbox 1974 1261 2196 1315; x_wconf 85' lang='lat' dir='ltr'>predictus</span> 
     </span>
     <span class='ocr_line' id='line_1_27' title="bbox 469 1331 2197 1389; baseline -0.003 -13"><span class='ocrx_word' id='word_1_158' title='bbox 469 1335 624 1376; x_wconf 84' lang='lat' dir='ltr'>Petrus</span> <span class='ocrx_word' id='word_1_159' title='bbox 648 1334 831 1376; x_wconf 90' lang='lat' dir='ltr'>eductus</span> <span class='ocrx_word' id='word_1_160' title='bbox 865 1347 889 1374; x_wconf 88' lang='lat' dir='ltr'>a</span> <span class='ocrx_word' id='word_1_161' title='bbox 922 1333 1101 1387; x_wconf 84' lang='lat' dir='ltr'>prisona</span> <span class='ocrx_word' id='word_1_162' title='bbox 1128 1332 1274 1374; x_wconf 87' lang='lat' dir='ltr'>finiuit</span> <span class='ocrx_word' id='word_1_163' title='bbox 1302 1347 1377 1386; x_wconf 89' lang='lat' dir='ltr'>per</span> <span class='ocrx_word' id='word_1_164' title='bbox 1403 1332 1633 1374; x_wconf 82' lang='lat' dir='ltr'>dimidiam</span> <span class='ocrx_word' id='word_1_165' title='bbox 1656 1345 1851 1373; x_wconf 80' lang='lat' dir='ltr'>marcam</span> <span class='ocrx_word' id='word_1_166' title='bbox 1875 1344 1950 1389; x_wconf 90' lang='lat' dir='ltr'>per</span> <span class='ocrx_word' id='word_1_167' title='bbox 1973 1331 2197 1385; x_wconf 80' lang='lat' dir='ltr'>pleninam</span> 
     </span>
     <span class='ocr_line' id='line_1_28' title="bbox 468 1401 1534 1458; baseline -0.002 -13"><span class='ocrx_word' id='word_1_168' title='bbox 468 1404 644 1446; x_wconf 82' lang='lat' dir='ltr'>Ricardi</span> <span class='ocrx_word' id='word_1_169' title='bbox 668 1404 718 1445; x_wconf 83' lang='lat' dir='ltr'>de</span> <span class='ocrx_word' id='word_1_170' title='bbox 742 1403 979 1444; x_wconf 86' lang='lat' dir='ltr'>Aldeburn&#39;</span> <span class='ocrx_word' id='word_1_171' title='bbox 1006 1406 1047 1444; x_wconf 90' lang='lat' dir='ltr'>et</span> <span class='ocrx_word' id='word_1_172' title='bbox 1071 1403 1242 1444; x_wconf 89' lang='lat' dir='ltr'>Andree</span> <span class='ocrx_word' id='word_1_173' title='bbox 1266 1401 1534 1458; x_wconf 82' lang='lat' dir='ltr'>Atteho[k]e.</span> 
     </span>
    </p>

    <p class='ocr_par' dir='ltr' id='par_1_11' title="bbox 467 1470 2201 2013">
     <span class='ocr_line' id='line_1_29' title="bbox 556 1470 2199 1525; baseline -0.002 -11"><span class='ocrx_word' id='word_1_174' title='bbox 556 1474 864 1515; x_wconf 84' lang='lat' dir='ltr'>Presentatum</span> <span class='ocrx_word' id='word_1_175' title='bbox 888 1474 953 1514; x_wconf 87' lang='lat' dir='ltr'>est</span> <span class='ocrx_word' id='word_1_176' title='bbox 976 1474 1056 1513; x_wconf 87' lang='lat' dir='ltr'>etc.</span> <span class='ocrx_word' id='word_1_177' title='bbox 1075 1472 1188 1525; x_wconf 89' lang='lat' dir='ltr'>quod</span> <span class='ocrx_word' id='word_1_178' title='bbox 1208 1471 1437 1525; x_wconf 84' lang='lat' dir='ltr'>Philippus</span> <span class='ocrx_word' id='word_1_179' title='bbox 1457 1472 1507 1513; x_wconf 90' lang='lat' dir='ltr'>de</span> <span class='ocrx_word' id='word_1_180' title='bbox 1527 1472 1759 1513; x_wconf 86' lang='lat' dir='ltr'>Hertmere</span> <span class='ocrx_word' id='word_1_181' title='bbox 1781 1470 1934 1522; x_wconf 85' lang='lat' dir='ltr'>(alibi),</span> <span class='ocrx_word' id='word_1_182' title='bbox 1955 1470 2199 1512; x_wconf 78' lang='lat' dir='ltr'>Willelmus</span> 
     </span>
     <span class='ocr_line' id='line_1_30' title="bbox 468 1539 2200 1597; baseline -0.002 -13"><span class='ocrx_word' id='word_1_183' title='bbox 468 1557 602 1597; x_wconf 87' lang='lat' dir='ltr'>nepos</span> <span class='ocrx_word' id='word_1_184' title='bbox 635 1543 728 1584; x_wconf 88' lang='lat' dir='ltr'>eius</span> <span class='ocrx_word' id='word_1_185' title='bbox 755 1542 888 1591; x_wconf 84' lang='lat' dir='ltr'>(alibi)</span> <span class='ocrx_word' id='word_1_186' title='bbox 916 1544 957 1583; x_wconf 86' lang='lat' dir='ltr'>et</span> <span class='ocrx_word' id='word_1_187' title='bbox 982 1541 1207 1584; x_wconf 82' lang='lat' dir='ltr'>Galfridus</span> <span class='ocrx_word' id='word_1_188' title='bbox 1241 1541 1279 1583; x_wconf 91' lang='lat' dir='ltr'>le</span> <span class='ocrx_word' id='word_1_189' title='bbox 1313 1542 1419 1595; x_wconf 75' lang='lat' dir='ltr'>Gyw</span> <span class='ocrx_word' id='word_1_190' title='bbox 1447 1543 1656 1595; x_wconf 87' lang='lat' dir='ltr'>ceperunt</span> <span class='ocrx_word' id='word_1_191' title='bbox 1688 1541 1733 1581; x_wconf 90' lang='lat' dir='ltr'>in</span> <span class='ocrx_word' id='word_1_192' title='bbox 1766 1554 1897 1594; x_wconf 84' lang='lat' dir='ltr'>parco</span> <span class='ocrx_word' id='word_1_193' title='bbox 1929 1539 2122 1594; x_wconf 87' lang='lat' dir='ltr'>predicto</span> <span class='ocrx_word' id='word_1_194' title='bbox 2154 1540 2200 1581; x_wconf 88' lang='lat' dir='ltr'>in</span> 
     </span>
     <span class='ocr_line' id='line_1_31' title="bbox 467 1609 2199 1664; baseline -0.003 -10"><span class='ocrx_word' id='word_1_195' title='bbox 467 1612 683 1654; x_wconf 78' lang='lat' dir='ltr'>crastino⁵</span> <span class='ocrx_word' id='word_1_196' title='bbox 708 1611 849 1653; x_wconf 85' lang='lat' dir='ltr'>sancti</span> <span class='ocrx_word' id='word_1_197' title='bbox 865 1610 1035 1652; x_wconf 85' lang='lat' dir='ltr'>Andree</span> <span class='ocrx_word' id='word_1_198' title='bbox 1055 1624 1171 1651; x_wconf 87' lang='lat' dir='ltr'>anno</span> <span class='ocrx_word' id='word_1_199' title='bbox 1187 1610 1522 1664; x_wconf 80' lang='lat' dir='ltr'>quadragesimo</span> <span class='ocrx_word' id='word_1_200' title='bbox 1546 1610 1732 1663; x_wconf 89' lang='lat' dir='ltr'>septimo</span> <span class='ocrx_word' id='word_1_201' title='bbox 1750 1623 1888 1651; x_wconf 80' lang='lat' dir='ltr'>vnum</span> <span class='ocrx_word' id='word_1_202' title='bbox 1904 1609 2086 1650; x_wconf 88' lang='lat' dir='ltr'>damum</span> <span class='ocrx_word' id='word_1_203' title='bbox 2107 1609 2199 1650; x_wconf 88' lang='lat' dir='ltr'>sine</span> 
     </span>
     <span class='ocr_line' id='line_1_32' title="bbox 469 1679 2201 1734; baseline -0.002 -11"><span class='ocrx_word' id='word_1_204' title='bbox 469 1684 674 1723; x_wconf 78' lang='lat' dir='ltr'>warento.</span> <span class='ocrx_word' id='word_1_205' title='bbox 718 1681 979 1734; x_wconf 88' lang='lat' dir='ltr'>Preceptum</span> <span class='ocrx_word' id='word_1_206' title='bbox 1004 1683 1068 1722; x_wconf 90' lang='lat' dir='ltr'>est</span> <span class='ocrx_word' id='word_1_207' title='bbox 1092 1679 1335 1721; x_wconf 70' lang='lat' dir='ltr'>vicecomiti</span> <span class='ocrx_word' id='word_1_208' title='bbox 1359 1679 1472 1733; x_wconf 88' lang='lat' dir='ltr'>quod</span> <span class='ocrx_word' id='word_1_209' title='bbox 1497 1679 1629 1721; x_wconf 84' lang='lat' dir='ltr'>faciat</span> <span class='ocrx_word' id='word_1_210' title='bbox 1652 1693 1724 1721; x_wconf 89' lang='lat' dir='ltr'>eos</span> <span class='ocrx_word' id='word_1_211' title='bbox 1747 1679 1895 1721; x_wconf 88' lang='lat' dir='ltr'>venire</span> <span class='ocrx_word' id='word_1_212' title='bbox 1918 1685 1999 1720; x_wconf 87' lang='lat' dir='ltr'>etc.</span> <span class='ocrx_word' id='word_1_213' title='bbox 2044 1679 2201 1720; x_wconf 83' lang='lat' dir='ltr'>Postea</span> 
     </span>
     <span class='ocr_line' id='line_1_33' title="bbox 468 1748 2198 1804; baseline -0.002 -11"><span class='ocrx_word' id='word_1_214' title='bbox 468 1753 683 1793; x_wconf 88' lang='lat' dir='ltr'>venerunt</span> <span class='ocrx_word' id='word_1_215' title='bbox 721 1750 905 1804; x_wconf 77' lang='lat' dir='ltr'>predicti</span> <span class='ocrx_word' id='word_1_216' title='bbox 947 1749 1176 1804; x_wconf 85' lang='lat' dir='ltr'>Philippus</span> <span class='ocrx_word' id='word_1_217' title='bbox 1219 1752 1261 1791; x_wconf 89' lang='lat' dir='ltr'>et</span> <span class='ocrx_word' id='word_1_218' title='bbox 1303 1749 1549 1791; x_wconf 83' lang='lat' dir='ltr'>Willelmus</span> <span class='ocrx_word' id='word_1_219' title='bbox 1593 1751 1649 1799; x_wconf 87' lang='lat' dir='ltr'>et,</span> <span class='ocrx_word' id='word_1_220' title='bbox 1696 1763 1826 1802; x_wconf 89' lang='lat' dir='ltr'>super</span> <span class='ocrx_word' id='word_1_221' title='bbox 1869 1749 1950 1790; x_wconf 91' lang='lat' dir='ltr'>hoc</span> <span class='ocrx_word' id='word_1_222' title='bbox 1993 1748 2198 1797; x_wconf 88' lang='lat' dir='ltr'>conuicti,</span> 
     </span>
     <span class='ocr_line' id='line_1_34' title="bbox 469 1818 2199 1873; baseline -0.002 -11"><span class='ocrx_word' id='word_1_223' title='bbox 469 1820 634 1862; x_wconf 85' lang='lat' dir='ltr'>detenti</span> <span class='ocrx_word' id='word_1_224' title='bbox 658 1822 760 1861; x_wconf 90' lang='lat' dir='ltr'>sunt</span> <span class='ocrx_word' id='word_1_225' title='bbox 787 1819 831 1860; x_wconf 88' lang='lat' dir='ltr'>in</span> <span class='ocrx_word' id='word_1_226' title='bbox 854 1819 1046 1873; x_wconf 82' lang='lat' dir='ltr'>prisona.</span> <span class='ocrx_word' id='word_1_227' title='bbox 1110 1820 1170 1860; x_wconf 89' lang='lat' dir='ltr'>Et</span> <span class='ocrx_word' id='word_1_228' title='bbox 1193 1818 1378 1872; x_wconf 85' lang='lat' dir='ltr'>predicti</span> <span class='ocrx_word' id='word_1_229' title='bbox 1401 1818 1630 1872; x_wconf 87' lang='lat' dir='ltr'>Philippus</span> <span class='ocrx_word' id='word_1_230' title='bbox 1663 1821 1705 1860; x_wconf 90' lang='lat' dir='ltr'>et</span> <span class='ocrx_word' id='word_1_231' title='bbox 1736 1818 1980 1860; x_wconf 88' lang='lat' dir='ltr'>Willelmus</span> <span class='ocrx_word' id='word_1_232' title='bbox 2004 1818 2199 1859; x_wconf 85' lang='lat' dir='ltr'>fecerunt</span> 
     </span>
     <span class='ocr_line' id='line_1_35' title="bbox 469 1887 2196 1943; baseline -0.002 -11"><span class='ocrx_word' id='word_1_233' title='bbox 469 1892 602 1932; x_wconf 86' lang='lat' dir='ltr'>finem</span> <span class='ocrx_word' id='word_1_234' title='bbox 626 1889 762 1932; x_wconf 70' lang='lat' dir='ltr'>alibi.G</span> <span class='ocrx_word' id='word_1_235' title='bbox 823 1890 884 1930; x_wconf 87' lang='lat' dir='ltr'>Et</span> <span class='ocrx_word' id='word_1_236' title='bbox 917 1889 1138 1943; x_wconf 86' lang='lat' dir='ltr'>predictus</span> <span class='ocrx_word' id='word_1_237' title='bbox 1173 1888 1398 1931; x_wconf 83' lang='lat' dir='ltr'>Galfridus</span> <span class='ocrx_word' id='word_1_238' title='bbox 1431 1901 1519 1929; x_wconf 91' lang='lat' dir='ltr'>non</span> <span class='ocrx_word' id='word_1_239' title='bbox 1551 1887 2196 1936; x_wconf 60' lang='grc'>1611111166111116116611161116;</span> 
     </span>
     <span class='ocr_line' id='line_1_36' title="bbox 470 1958 1444 2013; baseline -0.003 -12"><span class='ocrx_word' id='word_1_240' title='bbox 470 1961 565 2002; x_wconf 87' lang='lat' dir='ltr'>ideo</span> <span class='ocrx_word' id='word_1_241' title='bbox 588 1960 811 2013; x_wconf 56' lang='lat' dir='ltr'>effugatum</span> <span class='ocrx_word' id='word_1_242' title='bbox 847 1962 888 2001; x_wconf 84' lang='lat' dir='ltr'>et</span> <span class='ocrx_word' id='word_1_243' title='bbox 911 1958 997 1999; x_wconf 87' lang='lat' dir='ltr'>nisi</span> <span class='ocrx_word' id='word_1_244' title='bbox 1019 1958 1186 2000; x_wconf 85' lang='lat' dir='ltr'>venerit</span> <span class='ocrx_word' id='word_1_245' title='bbox 1210 1958 1444 2011; x_wconf 79' lang='lat' dir='ltr'>vtlagetur.</span> 
     </span>
    </p>

    <p class='ocr_par' dir='ltr' id='par_1_12' title="bbox 469 2025 2200 2772">
     <span class='ocr_line' id='line_1_37' title="bbox 559 2025 2197 2081; baseline -0.003 -10"><span class='ocrx_word' id='word_1_246' title='bbox 559 2031 869 2072; x_wconf 84' lang='lat' dir='ltr'>Presentatum</span> <span class='ocrx_word' id='word_1_247' title='bbox 893 2031 956 2070; x_wconf 90' lang='lat' dir='ltr'>est</span> <span class='ocrx_word' id='word_1_248' title='bbox 980 2031 1060 2070; x_wconf 89' lang='lat' dir='ltr'>etc.</span> <span class='ocrx_word' id='word_1_249' title='bbox 1084 2028 1197 2081; x_wconf 89' lang='lat' dir='ltr'>quod</span> <span class='ocrx_word' id='word_1_250' title='bbox 1220 2028 1388 2068; x_wconf 83' lang='lat' dir='ltr'>Alanus</span> <span class='ocrx_word' id='word_1_251' title='bbox 1411 2026 1528 2068; x_wconf 88' lang='lat' dir='ltr'>filius</span> <span class='ocrx_word' id='word_1_252' title='bbox 1550 2026 1677 2068; x_wconf 86' lang='lat' dir='ltr'>Alani</span> <span class='ocrx_word' id='word_1_253' title='bbox 1702 2026 1872 2076; x_wconf 84' lang='lat' dir='ltr'>Basset,</span> <span class='ocrx_word' id='word_1_254' title='bbox 1896 2025 1970 2079; x_wconf 88' lang='lat' dir='ltr'>qui</span> <span class='ocrx_word' id='word_1_255' title='bbox 1996 2028 2197 2067; x_wconf 87' lang='lat' dir='ltr'>mortuus</span> 
     </span>
     <span class='ocr_line' id='line_1_38' title="bbox 470 2095 2198 2152; baseline -0.003 -11"><span class='ocrx_word' id='word_1_256' title='bbox 470 2102 548 2151; x_wconf 87' lang='lat' dir='ltr'>est,</span> <span class='ocrx_word' id='word_1_257' title='bbox 582 2098 790 2152; x_wconf 80' lang='lat' dir='ltr'>Angodus</span> <span class='ocrx_word' id='word_1_258' title='bbox 823 2098 971 2147; x_wconf 81' lang='lat' dir='ltr'>Baret,</span> <span class='ocrx_word' id='word_1_259' title='bbox 1006 2097 1173 2138; x_wconf 85' lang='lat' dir='ltr'>Alanus</span> <span class='ocrx_word' id='word_1_260' title='bbox 1207 2096 1246 2138; x_wconf 91' lang='lat' dir='ltr'>le</span> <span class='ocrx_word' id='word_1_261' title='bbox 1284 2096 1518 2146; x_wconf 86' lang='lat' dir='ltr'>Forestar’‚</span> <span class='ocrx_word' id='word_1_262' title='bbox 1552 2096 1795 2137; x_wconf 72' lang='lat' dir='ltr'>Willelmus</span> <span class='ocrx_word' id='word_1_263' title='bbox 1831 2096 1869 2136; x_wconf 90' lang='grc'>16</span> <span class='ocrx_word' id='word_1_264' title='bbox 1909 2095 2015 2138; x_wconf 79' lang='lat' dir='ltr'>Skot</span> <span class='ocrx_word' id='word_1_265' title='bbox 2050 2097 2092 2136; x_wconf 89' lang='lat' dir='ltr'>et</span> <span class='ocrx_word' id='word_1_266' title='bbox 2124 2095 2198 2136; x_wconf 86' lang='lat' dir='ltr'>alii</span> 
     </span>
     <span class='ocr_line' id='line_1_39' title="bbox 470 2165 2197 2223; baseline -0.003 -13"><span class='ocrx_word' id='word_1_267' title='bbox 470 2182 656 2223; x_wconf 86' lang='lat' dir='ltr'>quorum</span> <span class='ocrx_word' id='word_1_268' title='bbox 702 2167 884 2209; x_wconf 87' lang='lat' dir='ltr'>nomina</span> <span class='ocrx_word' id='word_1_269' title='bbox 926 2166 1201 2220; x_wconf 79' lang='lat' dir='ltr'>ignorantur,</span> <span class='ocrx_word' id='word_1_270' title='bbox 1246 2165 1529 2207; x_wconf 88' lang='lat' dir='ltr'>intrauerunt</span> <span class='ocrx_word' id='word_1_271' title='bbox 1570 2178 1753 2218; x_wconf 81' lang='lat' dir='ltr'>parcum</span> <span class='ocrx_word' id='word_1_272' title='bbox 1797 2165 2044 2218; x_wconf 87' lang='lat' dir='ltr'>predictum</span> <span class='ocrx_word' id='word_1_273' title='bbox 2097 2178 2197 2205; x_wconf 87' lang='lat' dir='ltr'>cum</span> 
     </span>
     <span class='ocr_line' id='line_1_40' title="bbox 469 2233 2199 2291; baseline -0.004 -11"><span class='ocrx_word' id='word_1_274' title='bbox 469 2239 656 2280; x_wconf 86' lang='lat' dir='ltr'>arcubus</span> <span class='ocrx_word' id='word_1_275' title='bbox 691 2240 733 2279; x_wconf 87' lang='lat' dir='ltr'>et</span> <span class='ocrx_word' id='word_1_276' title='bbox 772 2237 943 2291; x_wconf 79' lang='lat' dir='ltr'>sagittis</span> <span class='ocrx_word' id='word_1_277' title='bbox 986 2237 1031 2277; x_wconf 87' lang='lat' dir='ltr'>in</span> <span class='ocrx_word' id='word_1_278' title='bbox 1075 2235 1291 2277; x_wconf 85' lang='lat' dir='ltr'>crastino⁷</span> <span class='ocrx_word' id='word_1_279' title='bbox 1335 2235 1475 2276; x_wconf 88' lang='lat' dir='ltr'>sancti</span> <span class='ocrx_word' id='word_1_280' title='bbox 1518 2234 1670 2275; x_wconf 77' lang='lat' dir='ltr'>Yllarii</span> <span class='ocrx_word' id='word_1_281' title='bbox 1713 2248 1828 2275; x_wconf 86' lang='lat' dir='ltr'>anno</span> <span class='ocrx_word' id='word_1_282' title='bbox 1865 2233 2199 2287; x_wconf 80' lang='lat' dir='ltr'>quadragesimo</span> 
     </span>
     <span class='ocr_line' id='line_1_41' title="bbox 469 2303 2200 2357; baseline -0.004 -7"><span class='ocrx_word' id='word_1_283' title='bbox 469 2311 624 2350; x_wconf 83' lang='lat' dir='ltr'>octauo</span> <span class='ocrx_word' id='word_1_284' title='bbox 657 2308 711 2349; x_wconf 84' lang='lat' dir='ltr'>ad</span> <span class='ocrx_word' id='word_1_285' title='bbox 744 2306 1111 2349; x_wconf 86' lang='lat' dir='ltr'>malefaciendum</span> <span class='ocrx_word' id='word_1_286' title='bbox 1139 2305 1190 2347; x_wconf 90' lang='lat' dir='ltr'>de</span> <span class='ocrx_word' id='word_1_287' title='bbox 1213 2304 1447 2346; x_wconf 86' lang='lat' dir='ltr'>venacione</span> <span class='ocrx_word' id='word_1_288' title='bbox 1472 2303 1638 2344; x_wconf 89' lang='lat' dir='ltr'>domini</span> <span class='ocrx_word' id='word_1_289' title='bbox 1662 2303 1789 2357; x_wconf 78' lang='lat' dir='ltr'>regis.</span> <span class='ocrx_word' id='word_1_290' title='bbox 1853 2304 1913 2344; x_wconf 86' lang='lat' dir='ltr'>Et</span> <span class='ocrx_word' id='word_1_291' title='bbox 1947 2303 2200 2357; x_wconf 84' lang='lat' dir='ltr'>superuenit</span> 
     </span>
     <span class='ocr_line' id='line_1_42' title="bbox 470 2371 2199 2430; baseline -0.003 -11"><span class='ocrx_word' id='word_1_292' title='bbox 470 2378 809 2420; x_wconf 82' lang='lat' dir='ltr'>Bartholomeus</span> <span class='ocrx_word' id='word_1_293' title='bbox 831 2375 1060 2430; x_wconf 87' lang='lat' dir='ltr'>parcarius</span> <span class='ocrx_word' id='word_1_294' title='bbox 1081 2391 1089 2425; x_wconf 81' lang='lat'><em>3</em></span> <span class='ocrx_word' id='word_1_295' title='bbox 1125 2377 1167 2416; x_wconf 90' lang='lat' dir='ltr'>et</span> <span class='ocrx_word' id='word_1_296' title='bbox 1191 2376 1421 2428; x_wconf 85' lang='lat' dir='ltr'>perceptus</span> <span class='ocrx_word' id='word_1_297' title='bbox 1445 2373 1496 2415; x_wconf 90' lang='lat' dir='ltr'>de</span> <span class='ocrx_word' id='word_1_298' title='bbox 1520 2373 1580 2415; x_wconf 88' lang='lat' dir='ltr'>eis</span> <span class='ocrx_word' id='word_1_299' title='bbox 1604 2373 1912 2414; x_wconf 81' lang='lat' dir='ltr'>exclammauit</span> <span class='ocrx_word' id='word_1_300' title='bbox 1939 2387 2009 2414; x_wconf 91' lang='lat' dir='ltr'>eos</span> <span class='ocrx_word' id='word_1_301' title='bbox 2042 2374 2084 2414; x_wconf 89' lang='lat' dir='ltr'>et</span> <span class='ocrx_word' id='word_1_302' title='bbox 2115 2371 2199 2425; x_wconf 87' lang='lat' dir='ltr'>ipsi</span> 
     </span>
     <span class='ocr_line' id='line_1_43' title="bbox 471 2441 2199 2500; baseline -0.004 -11"><span class='ocrx_word' id='word_1_303' title='bbox 471 2448 622 2490; x_wconf 87' lang='lat' dir='ltr'>statim</span> <span class='ocrx_word' id='word_1_304' title='bbox 647 2448 853 2500; x_wconf 80' lang='lat' dir='ltr'>sugerunt</span> <span class='ocrx_word' id='word_1_305' title='bbox 877 2446 939 2487; x_wconf 87' lang='lat' dir='ltr'>ita</span> <span class='ocrx_word' id='word_1_306' title='bbox 962 2445 1074 2499; x_wconf 84' lang='lat' dir='ltr'>quod</span> <span class='ocrx_word' id='word_1_307' title='bbox 1099 2459 1188 2486; x_wconf 87' lang='lat' dir='ltr'>non</span> <span class='ocrx_word' id='word_1_308' title='bbox 1210 2443 1435 2498; x_wconf 90' lang='lat' dir='ltr'>potuerint</span> <span class='ocrx_word' id='word_1_309' title='bbox 1459 2443 1554 2496; x_wconf 87' lang='lat' dir='ltr'>capi</span> <span class='ocrx_word' id='word_1_310' title='bbox 1576 2445 1618 2484; x_wconf 91' lang='grc'>61</span> <span class='ocrx_word' id='word_1_311' title='bbox 1642 2443 1903 2484; x_wconf 86' lang='lat' dir='ltr'>dimiserunt</span> <span class='ocrx_word' id='word_1_312' title='bbox 1926 2442 1985 2483; x_wconf 89' lang='lat' dir='ltr'>ibi</span> <span class='ocrx_word' id='word_1_313' title='bbox 2008 2441 2199 2496; x_wconf 88' lang='lat' dir='ltr'>quinque</span> 
     </span>
     <span class='ocr_line' id='line_1_44' title="bbox 470 2511 2199 2568; baseline -0.005 -10"><span class='ocrx_word' id='word_1_314' title='bbox 470 2518 521 2559; x_wconf 90' lang='lat' dir='ltr'>de</span> <span class='ocrx_word' id='word_1_315' title='bbox 544 2517 724 2558; x_wconf 84' lang='lat' dir='ltr'>canibus</span> <span class='ocrx_word' id='word_1_316' title='bbox 748 2515 838 2556; x_wconf 86' lang='lat' dir='ltr'>suis</span> <span class='ocrx_word' id='word_1_317' title='bbox 861 2529 968 2568; x_wconf 90' lang='lat' dir='ltr'>quos</span> <span class='ocrx_word' id='word_1_318' title='bbox 992 2514 1214 2567; x_wconf 88' lang='lat' dir='ltr'>predictus</span> <span class='ocrx_word' id='word_1_319' title='bbox 1238 2512 1576 2553; x_wconf 84' lang='lat' dir='ltr'>Bartholomeus</span> <span class='ocrx_word' id='word_1_320' title='bbox 1599 2511 1712 2566; x_wconf 90' lang='lat' dir='ltr'>cepit</span> <span class='ocrx_word' id='word_1_321' title='bbox 1735 2514 1776 2553; x_wconf 82' lang='lat' dir='ltr'>et</span> <span class='ocrx_word' id='word_1_322' title='bbox 1810 2511 1989 2552; x_wconf 79' lang='lat' dir='ltr'>adduxit</span> <span class='ocrx_word' id='word_1_323' title='bbox 2022 2511 2199 2552; x_wconf 89' lang='lat' dir='ltr'>domino</span> 
     </span>
     <span class='ocr_line' id='line_1_45' title="bbox 470 2580 2200 2640; baseline -0.003 -13"><span class='ocrx_word' id='word_1_324' title='bbox 470 2587 560 2640; x_wconf 75' lang='lat' dir='ltr'>regi</span> <span class='ocrx_word' id='word_1_325' title='bbox 593 2589 697 2627; x_wconf 91' lang='lat' dir='ltr'>tunc</span> <span class='ocrx_word' id='word_1_326' title='bbox 731 2585 941 2626; x_wconf 76' lang='lat' dir='ltr'>existente</span> <span class='ocrx_word' id='word_1_327' title='bbox 977 2583 1092 2636; x_wconf 88' lang='lat' dir='ltr'>apud</span> <span class='ocrx_word' id='word_1_328' title='bbox 1127 2582 1326 2624; x_wconf 87' lang='lat' dir='ltr'>Westm’.</span> <span class='ocrx_word' id='word_1_329' title='bbox 1405 2580 1632 2622; x_wconf 85' lang='lat' dir='ltr'>Predictus</span> <span class='ocrx_word' id='word_1_330' title='bbox 1666 2582 1833 2623; x_wconf 91' lang='lat' dir='ltr'>Alanus</span> <span class='ocrx_word' id='word_1_331' title='bbox 1871 2581 2090 2622; x_wconf 86' lang='lat' dir='ltr'>Forestar’</span> <span class='ocrx_word' id='word_1_332' title='bbox 2134 2582 2200 2621; x_wconf 88' lang='lat' dir='ltr'>est</span> 
     </span>
     <span class='ocr_line' id='line_1_46' title="bbox 470 2649 2199 2709; baseline -0.004 -13"><span class='ocrx_word' id='word_1_333' title='bbox 470 2656 514 2696; x_wconf 87' lang='lat' dir='ltr'>in</span> <span class='ocrx_word' id='word_1_334' title='bbox 547 2655 725 2709; x_wconf 86' lang='lat' dir='ltr'>prisona</span> <span class='ocrx_word' id='word_1_335' title='bbox 767 2656 816 2694; x_wconf 89' lang='lat' dir='ltr'>ut</span> <span class='ocrx_word' id='word_1_336' title='bbox 858 2654 978 2706; x_wconf 87' lang='lat' dir='ltr'>patet</span> <span class='ocrx_word' id='word_1_337' title='bbox 1023 2651 1224 2705; x_wconf 89' lang='lat' dir='ltr'>superius</span> <span class='ocrx_word' id='word_1_338' title='bbox 1245 2666 1254 2699; x_wconf 82' lang='lat'><em>3</em></span> <span class='ocrx_word' id='word_1_339' title='bbox 1304 2652 1345 2691; x_wconf 88' lang='lat' dir='ltr'>et</span> <span class='ocrx_word' id='word_1_340' title='bbox 1378 2650 1599 2703; x_wconf 83' lang='lat' dir='ltr'>predictus</span> <span class='ocrx_word' id='word_1_341' title='bbox 1634 2650 1841 2703; x_wconf 80' lang='lat' dir='ltr'>Angodus</span> <span class='ocrx_word' id='word_1_342' title='bbox 1883 2653 1925 2691; x_wconf 89' lang='lat' dir='ltr'>et</span> <span class='ocrx_word' id='word_1_343' title='bbox 1957 2649 2199 2692; x_wconf 84' lang='lat' dir='ltr'>Willelmus</span> 
     </span>
     <span class='ocr_line' id='line_1_47' title="bbox 470 2718 2200 2772; baseline -0.004 -7"><span class='ocrx_word' id='word_1_344' title='bbox 470 2739 557 2765; x_wconf 91' lang='lat' dir='ltr'>non</span> <span class='ocrx_word' id='word_1_345' title='bbox 588 2724 801 2765; x_wconf 89' lang='lat' dir='ltr'>venerunt</span> <span class='ocrx_word' id='word_1_346' title='bbox 834 2735 912 2762; x_wconf 90' lang='lat' dir='ltr'>nec</span> <span class='ocrx_word' id='word_1_347' title='bbox 947 2721 1125 2761; x_wconf 83' lang='lat' dir='ltr'>fuerunt</span> <span class='ocrx_word' id='word_1_348' title='bbox 1159 2719 1391 2761; x_wconf 85' lang='lat' dir='ltr'>attachiati</span> <span class='ocrx_word' id='word_1_349' title='bbox 1423 2719 1524 2772; x_wconf 83' lang='lat' dir='ltr'>quia</span> <span class='ocrx_word' id='word_1_350' title='bbox 1556 2733 1644 2760; x_wconf 92' lang='lat' dir='ltr'>non</span> <span class='ocrx_word' id='word_1_351' title='bbox 1678 2720 1855 2761; x_wconf 89' lang='lat' dir='ltr'>fuerunt</span> <span class='ocrx_word' id='word_1_352' title='bbox 1887 2718 2071 2769; x_wconf 86' lang='lat' dir='ltr'>inuenti,</span> <span class='ocrx_word' id='word_1_353' title='bbox 2104 2718 2200 2759; x_wconf 87' lang='lat' dir='ltr'>ideo</span> 
     </span>
    </p>
   </div>
   <div class='ocr_carea' id='block_1_11' title="bbox 470 2837 2201 3195">
    <p class='ocr_par' dir='ltr' id='par_1_13' title="bbox 517 2837 2200 2880">
     <span class='ocr_line' id='line_1_48' title="bbox 517 2837 2200 2880; baseline -0.005 -3"><span class='ocrx_word' id='word_1_354' title='bbox 517 2849 521 2864; x_wconf 89' lang='lat'><strong>¹</strong></span> <span class='ocrx_word' id='word_1_355' title='bbox 550 2848 568 2877; x_wconf 84' lang='lat'>2</span> <span class='ocrx_word' id='word_1_356' title='bbox 586 2845 775 2877; x_wconf 79' lang='lat' dir='ltr'>November</span> <span class='ocrx_word' id='word_1_357' title='bbox 794 2844 889 2874; x_wconf 76' lang='lat'>1259.</span> <span class='ocrx_word' id='word_1_358' title='bbox 1419 2840 1424 2856; x_wconf 90' lang='lat'><strong>¹</strong></span> <span class='ocrx_word' id='word_1_359' title='bbox 1451 2839 1602 2871; x_wconf 84' lang='lat' dir='ltr'>Thomas</span> <span class='ocrx_word' id='word_1_360' title='bbox 1635 2840 1669 2870; x_wconf 83' lang='lat' dir='ltr'>of</span> <span class='ocrx_word' id='word_1_361' title='bbox 1709 2839 1872 2880; x_wconf 83' lang='lat' dir='ltr'>Greasley</span> <span class='ocrx_word' id='word_1_362' title='bbox 1908 2849 1975 2870; x_wconf 84' lang='lat' dir='ltr'>was</span> <span class='ocrx_word' id='word_1_363' title='bbox 2014 2837 2200 2878; x_wconf 83' lang='lat' dir='ltr'>appointed</span> 
     </span>
    </p>

    <p class='ocr_par' dir='ltr' id='par_1_14' title="bbox 470 2881 2201 3054">
     <span class='ocr_line' id='line_1_49' title="bbox 514 2881 2201 2927; baseline -0.005 -6"><span class='ocrx_word' id='word_1_364' title='bbox 514 2893 526 2909; x_wconf 73' lang='lat'>²*</span> <span class='ocrx_word' id='word_1_365' title='bbox 550 2891 622 2921; x_wconf 79' lang='lat' dir='ltr'>The</span> <span class='ocrx_word' id='word_1_366' title='bbox 648 2889 786 2927; x_wconf 84' lang='lat' dir='ltr'>reading</span> <span class='ocrx_word' id='word_1_367' title='bbox 811 2888 845 2918; x_wconf 79' lang='lat' dir='ltr'>of</span> <span class='ocrx_word' id='word_1_368' title='bbox 874 2886 932 2917; x_wconf 87' lang='lat' dir='ltr'>the</span> <span class='ocrx_word' id='word_1_369' title='bbox 958 2886 1028 2916; x_wconf 83' lang='lat' dir='ltr'>Ms.</span> <span class='ocrx_word' id='word_1_370' title='bbox 1055 2885 1083 2916; x_wconf 84' lang='lat' dir='ltr'>is</span> <span class='ocrx_word' id='word_1_371' title='bbox 1109 2885 1299 2924; x_wconf 83' lang='lat' dir='ltr'>‘quatuor,&#39;</span> <span class='ocrx_word' id='word_1_372' title='bbox 1369 2884 1493 2923; x_wconf 84' lang='lat' dir='ltr'>justice</span> <span class='ocrx_word' id='word_1_373' title='bbox 1526 2885 1560 2914; x_wconf 81' lang='lat' dir='ltr'>of</span> <span class='ocrx_word' id='word_1_374' title='bbox 1594 2884 1653 2914; x_wconf 86' lang='lat' dir='ltr'>the</span> <span class='ocrx_word' id='word_1_375' title='bbox 1685 2884 1791 2915; x_wconf 85' lang='lat' dir='ltr'>forest</span> <span class='ocrx_word' id='word_1_376' title='bbox 1824 2883 1926 2915; x_wconf 78' lang='lat' dir='ltr'>south</span> <span class='ocrx_word' id='word_1_377' title='bbox 1955 2884 1988 2914; x_wconf 78' lang='lat' dir='ltr'>of</span> <span class='ocrx_word' id='word_1_378' title='bbox 2021 2883 2126 2913; x_wconf 85' lang='lat' dir='ltr'>Trent</span> <span class='ocrx_word' id='word_1_379' title='bbox 2159 2881 2201 2921; x_wconf 87' lang='lat' dir='ltr'>by</span> 
     </span>
     <span class='ocr_line' id='line_1_50' title="bbox 470 2926 2199 2974; baseline -0.005 -8"><span class='ocrx_word' id='word_1_380' title='bbox 470 2935 581 2966; x_wconf 82' lang='lat' dir='ltr'>which</span> <span class='ocrx_word' id='word_1_381' title='bbox 597 2935 624 2965; x_wconf 75' lang='lat' dir='ltr'>is</span> <span class='ocrx_word' id='word_1_382' title='bbox 641 2933 803 2974; x_wconf 65' lang='lat' dir='ltr'>probably</span> <span class='ocrx_word' id='word_1_383' title='bbox 821 2940 866 2963; x_wconf 88' lang='lat' dir='ltr'>an</span> <span class='ocrx_word' id='word_1_384' title='bbox 884 2939 976 2962; x_wconf 84' lang='lat' dir='ltr'>error</span> <span class='ocrx_word' id='word_1_385' title='bbox 994 2930 1046 2961; x_wconf 81' lang='lat' dir='ltr'>for</span> <span class='ocrx_word' id='word_1_386' title='bbox 1062 2933 1069 2947; x_wconf 81' lang='lat'>‘</span> <span class='ocrx_word' id='word_1_387' title='bbox 1084 2928 1252 2969; x_wconf 81' lang='lat' dir='ltr'>septimo‚’</span> <span class='ocrx_word' id='word_1_388' title='bbox 1265 2928 1300 2958; x_wconf 92' lang='lat' dir='ltr'>in</span> <span class='ocrx_word' id='word_1_389' title='bbox 1370 2928 1486 2958; x_wconf 79' lang='lat' dir='ltr'>letters</span> <span class='ocrx_word' id='word_1_390' title='bbox 1504 2931 1623 2967; x_wconf 74' lang='lat' dir='ltr'>patent</span> <span class='ocrx_word' id='word_1_391' title='bbox 1641 2927 1741 2959; x_wconf 77' lang='lat' dir='ltr'>dated</span> <span class='ocrx_word' id='word_1_392' title='bbox 1761 2930 1798 2958; x_wconf 89' lang='lat'>11</span> <span class='ocrx_word' id='word_1_393' title='bbox 1816 2928 2013 2967; x_wconf 79' lang='lat' dir='ltr'>September</span> <span class='ocrx_word' id='word_1_394' title='bbox 2032 2928 2114 2957; x_wconf 83' lang='lat'>1259</span> <span class='ocrx_word' id='word_1_395' title='bbox 2132 2926 2199 2966; x_wconf 85' lang='lat' dir='ltr'>(see</span> 
     </span>
     <span class='ocr_line' id='line_1_51' title="bbox 471 2972 1860 3013; baseline -0.006 -3"><span class='ocrx_word' id='word_1_396' title='bbox 471 2980 581 3010; x_wconf 81' lang='lat' dir='ltr'>which</span> <span class='ocrx_word' id='word_1_397' title='bbox 600 2988 676 3009; x_wconf 79' lang='lat' dir='ltr'>case</span> <span class='ocrx_word' id='word_1_398' title='bbox 694 2977 752 3008; x_wconf 89' lang='lat' dir='ltr'>the</span> <span class='ocrx_word' id='word_1_399' title='bbox 770 2976 848 3007; x_wconf 81' lang='lat' dir='ltr'>date</span> <span class='ocrx_word' id='word_1_400' title='bbox 867 2974 976 3005; x_wconf 83' lang='lat' dir='ltr'>would</span> <span class='ocrx_word' id='word_1_401' title='bbox 1002 2975 1040 3005; x_wconf 83' lang='lat' dir='ltr'>be</span> <span class='ocrx_word' id='word_1_402' title='bbox 1066 2977 1084 3003; x_wconf 88' lang='grc'>2</span> <span class='ocrx_word' id='word_1_403' title='bbox 1110 2974 1301 3004; x_wconf 61' lang='lat' dir='ltr'>November</span> <span class='ocrx_word' id='word_1_404' title='bbox 1370 2973 1493 3003; x_wconf 80' lang='lat' dir='ltr'>Patent</span> <span class='ocrx_word' id='word_1_405' title='bbox 1511 2972 1587 3002; x_wconf 78' lang='lat' dir='ltr'>Roll</span> <span class='ocrx_word' id='word_1_406' title='bbox 1606 2973 1656 3008; x_wconf 83' lang='lat'>70,</span> <span class='ocrx_word' id='word_1_407' title='bbox 1674 2973 1797 3003; x_wconf 86' lang='lat' dir='ltr'>memb.</span> <span class='ocrx_word' id='word_1_408' title='bbox 1816 2973 1860 3013; x_wconf 90' lang='grc'>2).</span> 
     </span>
     <span class='ocr_line' id='line_1_52' title="bbox 472 3016 1785 3054; baseline -0.006 0"><span class='ocrx_word' id='word_1_409' title='bbox 472 3025 567 3054; x_wconf 64' lang='grc'>12132.</span> <span class='ocrx_word' id='word_1_410' title='bbox 1414 3018 1425 3033; x_wconf 69' lang='lat'>⁵</span> <span class='ocrx_word' id='word_1_411' title='bbox 1452 3017 1467 3045; x_wconf 88' lang='lat'>1</span> <span class='ocrx_word' id='word_1_412' title='bbox 1487 3016 1673 3046; x_wconf 78' lang='lat' dir='ltr'>December</span> <span class='ocrx_word' id='word_1_413' title='bbox 1691 3018 1785 3047; x_wconf 75' lang='grc'>1262.</span> 
     </span>
    </p>

    <p class='ocr_par' dir='ltr' id='par_1_15' title="bbox 473 3057 2198 3195">
     <span class='ocr_line' id='line_1_53' title="bbox 516 3057 2196 3098; baseline -0.006 -1"><span class='ocrx_word' id='word_1_414' title='bbox 516 3071 525 3084; x_wconf 67' lang='lat'>³</span> <span class='ocrx_word' id='word_1_415' title='bbox 552 3065 701 3097; x_wconf 85' lang='lat' dir='ltr'>William</span> <span class='ocrx_word' id='word_1_416' title='bbox 726 3064 758 3095; x_wconf 84' lang='lat' dir='ltr'>la</span> <span class='ocrx_word' id='word_1_417' title='bbox 785 3062 898 3094; x_wconf 84' lang='lat' dir='ltr'>Zuche</span> <span class='ocrx_word' id='word_1_418' title='bbox 931 3071 998 3092; x_wconf 83' lang='lat' dir='ltr'>was</span> <span class='ocrx_word' id='word_1_419' title='bbox 1032 3063 1090 3091; x_wconf 86' lang='lat' dir='ltr'>not</span> <span class='ocrx_word' id='word_1_420' title='bbox 1124 3059 1243 3091; x_wconf 80' lang='lat' dir='ltr'>sherisf</span> <span class='ocrx_word' id='word_1_421' title='bbox 1267 3060 1301 3089; x_wconf 79' lang='lat' dir='ltr'>of</span> <span class='ocrx_word' id='word_1_422' title='bbox 1414 3061 1425 3076; x_wconf 59' lang='grc' dir='ltr'>ὅ</span> <span class='ocrx_word' id='word_1_423' title='bbox 1450 3059 1544 3098; x_wconf 67' lang='lat' dir='ltr'>They</span> <span class='ocrx_word' id='word_1_424' title='bbox 1570 3069 1652 3090; x_wconf 86' lang='lat' dir='ltr'>were</span> <span class='ocrx_word' id='word_1_425' title='bbox 1680 3059 1859 3091; x_wconf 86' lang='lat' dir='ltr'>convicted</span> <span class='ocrx_word' id='word_1_426' title='bbox 1883 3060 1917 3089; x_wconf 77' lang='lat' dir='ltr'>of</span> <span class='ocrx_word' id='word_1_427' title='bbox 1946 3057 2091 3089; x_wconf 78' lang='lat' dir='ltr'>another</span> <span class='ocrx_word' id='word_1_428' title='bbox 2115 3059 2196 3088; x_wconf 81' lang='lat' dir='ltr'>tres-</span> 
     </span>
     <span class='ocr_line' id='line_1_54' title="bbox 473 3102 2198 3146; baseline -0.006 -4"><span class='ocrx_word' id='word_1_429' title='bbox 473 3114 596 3143; x_wconf 69' lang='lat' dir='ltr'>Surrev</span> <span class='ocrx_word' id='word_1_430' title='bbox 640 3109 692 3139; x_wconf 86' lang='lat' dir='ltr'>till</span> <span class='ocrx_word' id='word_1_431' title='bbox 736 3111 754 3140; x_wconf 72' lang='lat'><strong>9</strong></span> <span class='ocrx_word' id='word_1_432' title='bbox 794 3108 874 3146; x_wconf 66' lang='lat' dir='ltr'>Jul)v</span> <span class='ocrx_word' id='word_1_433' title='bbox 916 3108 997 3137; x_wconf 76' lang='grc'>12111</span> <span class='ocrx_word' id='word_1_434' title='bbox 1041 3106 1109 3145; x_wconf 83' lang='lat' dir='ltr'>(see</span> <span class='ocrx_word' id='word_1_435' title='bbox 1149 3105 1229 3135; x_wconf 70' lang='lat' dir='ltr'>List</span> <span class='ocrx_word' id='word_1_436' title='bbox 1268 3105 1305 3143; x_wconf 83' lang='lat' dir='ltr'>of</span> <span class='ocrx_word' id='word_1_437' title='bbox 1370 3113 1460 3142; x_wconf 72' lang='lat' dir='ltr'>pass,</span> <span class='ocrx_word' id='word_1_438' title='bbox 1480 3104 1530 3133; x_wconf 80' lang='lat' dir='ltr'>for</span> <span class='ocrx_word' id='word_1_439' title='bbox 1547 3103 1658 3134; x_wconf 79' lang='lat' dir='ltr'>which</span> <span class='ocrx_word' id='word_1_440' title='bbox 1683 3104 1762 3144; x_wconf 72' lang='lat' dir='ltr'>they</span> <span class='ocrx_word' id='word_1_441' title='bbox 1788 3103 1887 3133; x_wconf 81' lang='lat' dir='ltr'>made</span> <span class='ocrx_word' id='word_1_442' title='bbox 1913 3104 1979 3132; x_wconf 83' lang='lat' dir='ltr'>fine</span> <span class='ocrx_word' id='word_1_443' title='bbox 2005 3102 2046 3141; x_wconf 75' lang='lat' dir='ltr'>by</span> <span class='ocrx_word' id='word_1_444' title='bbox 2072 3104 2198 3141; x_wconf 81' lang='lat' dir='ltr'>twenty</span> 
     </span>
     <span class='ocr_line' id='line_1_55' title="bbox 474 3144 2128 3195; baseline -0.007 -8"><span class='ocrx_word' id='word_1_445' title='bbox 474 3144 642 3195; x_wconf 48' lang='grc' dir='ltr'>Αδ”]ιενιᾏᾎκ).</span> <span class='ocrx_word' id='word_1_446' title='bbox 1372 3147 1542 3186; x_wconf 69' lang='lat' dir='ltr'>shillings.</span> <span class='ocrx_word' id='word_1_447' title='bbox 1768 3150 1775 3165; x_wconf 76' lang='lat'><strong><em>⁷</em></strong></span> <span class='ocrx_word' id='word_1_448' title='bbox 1803 3150 1842 3178; x_wconf 78' lang='lat'>14</span> <span class='ocrx_word' id='word_1_449' title='bbox 1861 3148 2014 3185; x_wconf 80' lang='lat' dir='ltr'>January</span> <span class='ocrx_word' id='word_1_450' title='bbox 2034 3145 2128 3186; x_wconf 57' lang='lat'>1263.</span> 
     </span>
    </p>
   </div>
  </div>
 </body>
</html>
