2421 3529
225 582 332 606 miseri—

225 616 330 640 cerdic.

226 2804 401 2833 preceptum.

459 243 518 287 28
713 251 1019 287 SELEcTiONs
1056 252 1193 287 FROM
1229 253 1332 288 THE
1368 254 1559 289 FonEsT
1596 255 1732 290 EYRE
1767 255 1927 292 ROLLs

459 379 633 407 coerum
675 367 900 407 mortuum
943 367 985 407 et
1027 366 1211 419 ligatum
1245 380 1374 420 super
1406 368 1628 421 quandam
1662 369 1875 410 arborem.
1946 369 2184 423 Inquisicio

460 435 575 476 facta
622 448 698 488 per
755 436 941 487 quatuor
998 435 1170 476 villatas
1231 436 1562 490 propinquiores
1625 437 1894 492 Geytinton’,
1961 439 2181 488 Stanern’,

458 504 672 545 Bricstok’
697 505 739 545 et
761 503 938 553 Buton'‚
964 518 1044 557 que
1067 504 1201 545 nichil
1222 505 1322 546 inde
1344 508 1583 559 potuerunt
1605 506 1836 560 inquirere.
1887 508 1948 549 Et
1971 508 2073 561 quia
2094 521 2183 548 non

460 575 674 615 venerunt
696 572 890 626 plenarie
913 575 993 613 etc.
1014 588 1023 621 ;
1058 573 1154 614 ideo
1176 573 1220 614 in
1244 574 1555 616 misericordia.

549 642 859 683 Presentatum
927 644 992 683 est
1050 656 1127 696 per
1188 644 1362 684 eosdem
1416 645 1529 697 quod
1581 645 1827 686 Willelmus
1880 645 1931 687 de
1984 645 2184 687 Forestal

460 711 713 753 forestarius
746 711 790 751 in
823 711 986 752 balliua
1018 711 1069 753 de
1101 712 1274 761 Ferma‚
1309 716 1538 766 suspectus
1571 714 1621 755 de
1653 714 1898 755 malefactis
1919 714 2184 763 venacionis,

458 780 728 822 attachiatus
759 780 867 830 fuit3
903 782 944 821 et
971 780 1100 822 modo
1131 782 1264 823 venit.
1326 782 1387 824 Et
1419 783 1638 824 Robertus
1672 784 1857 834 Basset’,
1891 783 2105 824 Ricardus
2133 783 2186 825 de

457 850 778 892 Audewinchel'
814 853 855 892 et
894 851 1114 892 Iohannes
1156 851 1340 892 Leueth’
1386 851 1582 894 viridarii
1624 853 1776 894 dicunt
1818 853 1932 907 quod
1978 867 2067 895 non
2119 855 2186 894 est

457 919 684 973 culpabilis
726 933 805 961 nec
848 922 1076 973 suspectus
1119 919 1170 961 de
1213 920 1357 974 aliquo
1399 921 1659 971 malefact03
1713 922 1809 964 ideo
1851 923 1952 965 inde
1994 923 2182 976 quietus.

456 990 516 1031 Et
549 989 651 1043 quia
682 991 1051 1043 presentauerunt
1083 989 1129 1030 in
1161 990 1316 1031 rotulis
1339 990 1430 1032 suis
1461 991 1603 1044 primo
1625 991 1771 1045 ipsum
1799 992 2065 1034 Willelmum
2089 1006 2183 1033 sus-

456 1060 647 1112 pectum,
671 1060 713 1100 et
735 1059 865 1100 modo
887 1058 1062 1112 penitus
1085 1058 1230 1112 ipsum
1249 1060 1489 1113 aquietant‚
1506 1060 1601 1102 ideo
1624 1061 1876 1115 responsuri
1894 1061 2071 1103 domino
2093 1061 2185 1115 regi

458 1128 510 1169 de
532 1127 834 1181 redempcione
858 1128 962 1168 dicti
983 1128 1202 1170 Willehni.
1265 1129 1377 1170 Item
1401 1129 1597 1171 viridarii
1618 1131 1753 1184 quieti
1775 1131 1877 1184 quia
1899 1131 2016 1172 alibi.

547 1197 883 1238 ¹Presentatum
913 1198 979 1238 est
1009 1198 1050 1238 et
1074 1197 1322 1238 convictum
1354 1213 1430 1252 per
1453 1199 1626 1240 eosdem
1650 1200 1764 1253 quod
1788 1200 1855 1241 die
1873 1202 1887 1223 ²
1909 1200 2115 1242 Mercurii
2137 1200 2183 1241 in

457 1266 649 1308 crastina
677 1267 931 1307 sanctorum
961 1265 1153 1319 Philippi
1175 1268 1216 1308 et
1240 1267 1386 1308 Iacobi
1422 1282 1522 1309 cum
1544 1268 1788 1310 Willelmus
1811 1269 1862 1310 de
1885 1270 1922 1309 N
1926 1270 2114 1310 orhamt’
2140 1271 2184 1310 et

455 1336 652 1389 Rogerus
675 1335 726 1376 de
750 1335 982 1388 Tingewik'
1006 1335 1228 1377 venissent
1252 1336 1303 1377 de
1335 1337 1506 1390 placitis
1539 1338 1590 1379 de
1626 1338 1841 1380 Stanerne
1864 1339 2006 1380 eundo
2029 1353 2184 1380 uersus

455 1405 629 1446 Rowell'
670 1404 823 1445 datum
859 1404 942 1446 fuit
976 1404 1037 1446 eis
1073 1404 1258 1459 intelligi
1292 1406 1406 1459 quod
1440 1407 1684 1448 bersatores
1707 1408 1885 1449 fuerunt
1908 1407 1952 1448 in
1975 1408 2108 1450 landa
2131 1408 2184 1449 de

455 1473 685 1515 Benifeld'.
747 1474 808 1515 Et
838 1474 990 1515 statim
1013 1474 1118 1516 dicti
1140 1475 1382 1516 Willehnus
1406 1478 1448 1517 et
1470 1476 1667 1530 Rogerus
1690 1478 1732 1518 et
1755 1477 1939 1518 Iacobus
1963 1478 2014 1519 de
2038 1478 2184 1518 Torle-

455 1544 571 1597 berg'
589 1546 631 1585 et
655 1544 861 1585 Matheus
885 1544 1019 1585 frater
1042 1544 1147 1594 eius,
1167 1545 1385 1586 forestarii
1403 1545 1582 1599 equites,
1601 1548 1643 1588 et
1661 1547 1880 1588 forestarii
1901 1547 2067 1601 pedites
2083 1561 2183 1588 cum

456 1614 516 1654 eis
551 1627 650 1654 cum
689 1613 949 1654 festinancia
983 1613 1160 1656 inerunt
1196 1614 1297 1655 illuc
1331 1617 1377 1656 vt
1410 1615 1547 1656 dictos
1577 1615 1821 1657 bersatores
1844 1618 2074 1670 caperent3
2109 1616 2184 1670 qui

456 1697 555 1723 cum
590 1682 790 1723 venirent
832 1681 877 1722 in
921 1683 1082 1724 foresta
1114 1683 1219 1724 dicti
1255 1684 1559 1725 malefactores
1592 1684 1729 1726 dictos
1762 1685 2014 1726 forestarios
2045 1685 2180 1726 insul-

456 1754 666 1793 tauerunt
709 1753 751 1792 et
794 1751 960 1792 dictum
1002 1752 1246 1802 Matheum,
1281 1754 1462 1795 fratrem
1507 1754 1611 1795 dicti
1652 1754 1799 1796 Iacobi
1841 1755 1891 1796 de
1935 1755 2180 1808 Torleberg’

456 1821 688 1871 forestarii,
721 1821 1025 1870 bers-anetum,
1049 1821 1111 1862 ita
1135 1823 1248 1876 quod
1282 1823 1423 1864 dictus
1455 1823 1662 1865 Matheus
1689 1824 1790 1865 inde
1813 1824 1933 1866 obiit.
1994 1825 2055 1866 Et
2078 1825 2183 1867 dicti

454 1891 757 1932 malefactores
779 1892 884 1931 tunc
910 1890 1025 1931 uersi
1048 1891 1225 1932 fuerunt
1248 1891 1293 1931 in
1318 1892 1481 1945 fugam.
1543 1893 1604 1934 Et
1626 1895 1804 1946 propter
1826 1894 1967 1935 noctis
1989 1894 2181 1936 obscuri-

455 1963 592 2001 tatem
635 1962 676 2001 et
728 1959 845 2000 bosci
898 1960 1226 2013 spissitudinem
1279 1975 1369 2003 non
1416 1964 1654 2015 potuerunt
1705 1963 1919 2017 persequi,
1964 1964 2025 2004 ita
2068 1963 2182 2017 quod

456 2032 708 2072 euaserunt.
751 2030 811 2071 Et
835 2030 951 2071 facta
975 2030 1056 2072 fuit
1079 2031 1307 2084 inquisicio
1330 2046 1405 2085 per
1428 2035 1613 2085 quatuor
1637 2033 1809 2074 villatas
1833 2033 2179 2087 propinquiores,

457 2100 602 2149 Stoke,
627 2100 862 2148 Carleton'‚
886 2099 1049 2153 Magna
1067 2100 1081 2122 3
1102 2100 1203 2141 Acle
1227 2103 1267 2141 et
1291 2101 1433 2155 Corby
1457 2116 1538 2154 que
1562 2102 1763 2143 dixerunt
1786 2103 1899 2155 quod
1924 2102 2028 2144 dicti
2049 2103 2180 2143 male-

454 2171 639 2211 factores
674 2169 754 2210 visi
786 2169 964 2209 fuerunt
1001 2183 1100 2210 cum
1135 2170 1324 2211 arcubus
1347 2173 1388 2212 61
1412 2171 1583 2224 sagittis
1617 2174 1658 2212 et
1681 2171 1851 2212 balistis
1874 2174 1915 2213 et
1938 2171 2179 2225 leporariis‚

455 2245 497 2280 et
520 2238 633 2292 quod
657 2240 894 2288 euaserunt
918 2240 982 2279 set
1004 2252 1093 2279 non
1122 2241 1362 2292 potuerunt
1383 2239 1602 2293 inquirere
1626 2240 1699 2294 qui
1733 2240 1924 2282 fuerunt.
1986 2241 2048 2281 Et
2081 2241 2183 2294 quia

456 2309 567 2349 dicte
591 2308 737 2349 villate
759 2322 848 2349 non
871 2309 1084 2349 venerunt
1107 2310 1202 2357 etc.‚
1227 2309 1322 2350 ideo
1345 2309 1389 2350 in
1413 2310 1726 2351 misericordia.

544 2378 557 2400 ⁴
574 2378 700 2426 Item,
716 2379 868 2430 postea
886 2377 1001 2418 facta
1017 2377 1099 2418 fuit
1121 2377 1351 2431 inquisicio
1374 2379 1474 2419 inde
1497 2393 1643 2420 coram
1659 2379 1909 2421 vicecomite
1931 2393 2007 2433 per
2021 2379 2183 2422 milites

457 2450 499 2489 et
534 2447 691 2500 probos
723 2446 923 2487 homines
967 2445 1039 2499 qui
1081 2446 1216 2487 nichil
1249 2447 1369 2488 aliud
1407 2448 1508 2489 inde
1540 2451 1779 2501 potuerunt
1822 2449 2071 2502 inquirere3
2118 2453 2183 2491 set

459 2517 600 2557 dictus
624 2515 808 2557 Iacobus
832 2515 882 2556 de
907 2515 1151 2569 Torleberg'
1176 2517 1311 2557 frater
1336 2517 1439 2558 dicti
1462 2518 1630 2558 Mathei
1657 2518 1785 2559 occisi
1808 2518 1914 2560 dixit
1938 2519 2051 2572 quod
2075 2519 2183 2560 vidit

458 2585 694 2638 leporarios
720 2584 924 2637 Syinonis
957 2584 1008 2625 de
1040 2585 1384 2639 Kyuelmworth'
1410 2586 1480 2628 vbi
1504 2588 1637 2628 frater
1662 2601 1767 2628 suus
1790 2587 1970 2637 occisus,
1994 2588 2046 2630 ob
2070 2588 2183 2641 quod

459 2655 574 2696 idem
620 2654 785 2707 Symon
824 2654 906 2694 fuit
941 2657 1095 2707 captus
1131 2656 1172 2695 et
1209 2655 1510 2709 inprisonatus
1554 2657 1669 2710 apud
1713 2657 1943 2698 Norhamt’
1990 2659 2184 2711 tempore

458 2723 614 2765 Alani⁵
637 2723 689 2764 de
711 2723 968 2776 Maydewill’
995 2725 1100 2764 tunc
1124 2724 1401 2766 vicecomitis.
1462 2726 1522 2767 Et
1561 2726 1663 2779 quia
1694 2727 1842 2767 nullus
1873 2727 2099 2780 respondit
2131 2728 2184 2769 de

461 2792 773 2834 deliberacione
816 2792 919 2832 dicti
965 2792 1183 2846 Symonis‚
1227 2793 1321 2834 ideo
1363 2796 1617 2848 preceptum
1670 2798 1735 2837 est
1787 2796 2028 2838 vicecomiti
2070 2797 2184 2850 quod

461 2862 608 2905 venire
646 2861 778 2903 faciat
816 2862 1061 2903 Iohannem
1096 2862 1237 2903 filium
1276 2863 1405 2905 Alani
1443 2864 1516 2917 qui
1550 2864 1682 2906 habet
1718 2865 1964 2907 custodiam
1993 2868 2107 2907 terre
2142 2869 2184 2908 et

508 3025 514 3042 ¹
544 3024 605 3055 See
623 3033 654 3063 p.
673 3024 724 3055 79.
948 3023 959 3039 ²
985 3023 1003 3051 2
1022 3022 1100 3062 May
1119 3023 1213 3053 1246.
1407 3024 1413 3041 ¹
1440 3024 1501 3055 See
1519 3034 1550 3064 p.
1569 3026 1620 3055 81.

507 3070 518 3086 ⁸
542 3068 615 3098 The
640 3065 825 3106 adjectives
850 3067 1016 3102 ‘magna’
1042 3066 1110 3096 and
1139 3068 1288 3106 ‘sarua’
1402 3069 1413 3085 ⁵
1437 3068 1525 3098 Alan
1557 3070 1592 3099 of
1623 3067 1793 3099 Maidwell
1821 3079 1888 3100 was
1921 3068 2040 3100 sheriff
2066 3070 2101 3100 of
2124 3069 2183 3101 the

463 3122 519 3143 are
557 3112 651 3143 often
689 3110 820 3141 treated
856 3121 893 3141 as
925 3110 1153 3141 indeclinable
1191 3110 1289 3141 when
1358 3115 1484 3152 county
1501 3113 1535 3142 of
1560 3112 1814 3152 Northampton
1837 3114 1924 3144 from
1950 3115 1968 3143 2
1994 3114 2184 3145 November

461 3155 610 3195 forming
626 3157 703 3196 part
720 3154 753 3186 of
770 3154 866 3194 place
884 3164 1013 3185 names.
1359 3156 1444 3186 1242
1462 3156 1515 3187 till
1529 3157 1568 3187 14
1580 3157 1669 3188 June
1684 3158 1779 3188 1248.
1810 3157 1871 3189 See
1884 3157 1965 3190 ch'st
1978 3158 2015 3199 of
2027 3158 2182 3199 Slzerz'ſjs.
