2421 3529
428 271 520 315 111
881 279 1068 315 sELEoT
1104 279 1294 315 FOREST
1330 279 1681 322 INQUIsirioNs

420 394 555 435 dama
574 407 671 434 cum
691 407 776 447 qua
799 392 1024 436 Galfridus
1043 393 1164 435 Catel
1186 395 1341 447 captus
1363 392 1446 434 fuit
1462 407 1471 442 ;
1496 391 1584 434 nisi
1605 405 1759 435 uersus
1782 392 1971 435 eundem
1988 394 2053 445 G„
2073 393 2146 448 qui

419 463 610 504 eandem
633 463 810 504 damam
835 463 969 504 stulte
991 462 1179 504 inuenit.

512 532 520 554 ¹
538 531 702 572 Dicunt
735 532 848 585 quod
889 532 1109 574 Walterus
1141 530 1379 573 Kakilberd
1421 530 1673 584 amputauit
1722 531 1831 572 duas
1874 545 2058 585 quercus
2099 531 2146 573 in

421 600 583 643 Westle
606 603 649 643 et
672 615 804 642 Vnam
827 600 873 642 in
897 600 1315 653 Themanneshedge
1334 615 1343 648 3
1377 599 1581 641 nesciunt
1604 613 1688 652 quo
1710 603 1920 641 waranto.

513 670 677 711 Dicunt
701 670 814 723 quod
837 669 1062 723 erbagium
1088 669 1192 710 bene
1215 668 1458 710 custoditur
1481 670 1523 710 et
1545 669 1716 709 nullum
1736 669 1879 710 sciunt
1896 669 1997 710 inde
2011 669 2145 710 male-

425 740 647 789 factorem,
667 738 752 779 nisi
770 738 826 780 sit
841 738 893 779 de
914 737 1110 791 escapiis,
1134 739 1177 779 et
1192 737 1245 779 ob
1267 737 1347 778 hoc
1364 739 1570 791 pontores
1585 739 1599 761 ²
1621 736 1839 790 recipiunt
1854 737 2056 779 denarios
2070 751 2146 791 per

420 807 590 850 talliam
613 809 769 849 contra
792 806 1060 848 forestarios.

508 876 748 918 Forestarii
785 876 837 918 de
871 876 999 917 bosco
1033 875 1084 917 de
1119 875 1247 916 firma
1280 875 1331 916 de
1363 874 1579 916 Brixstok’
1614 874 1766 916 dicunt
1799 875 1914 928 quod
1947 875 2139 916 Thomas

419 945 536 987 filius
567 945 718 999 Odeyn
751 945 802 986 de
834 944 1051 998 Rokingh’
1088 947 1129 987 et
1163 944 1381 986 Robertus
1416 944 1467 986 de
1496 944 1669 998 Freney
1701 946 1806 986 611111
1840 945 2143 986 malefactores

420 1015 580 1057 foreste
602 1017 644 1056 et
668 1014 987 1068 depredatores.

507 1153 744 1208 Inquisicio
767 1154 883 1196 facta
905 1153 1021 1207 apud
1043 1154 1230 1207 Ayscros
1254 1153 1334 1195 sub
1366 1153 1494 1195 bosco
1526 1152 1577 1194 de
1609 1153 1870 1207 Deresburg’
1895 1152 1994 1194 die3
2017 1152 2143 1195 Lune

418 1224 464 1265 in
520 1224 630 1265 festo
688 1223 830 1265 sancti
871 1222 1098 1264 Michaelis
1152 1236 1268 1264 anno
1317 1222 1468 1264 eodem
1515 1236 1664 1264 coram
1706 1222 1763 1263 H.
1803 1222 1854 1264 (16
1892 1221 2143 1275 Goldingh’,

418 1293 653 1335 senescallo
676 1293 847 1341 foreste,
871 1293 913 1333 et
945 1291 1145 1333 Iohanne
1176 1291 1337 1341 Luuet,
1359 1291 1584 1341 viridario,
1610 1291 1661 1333 de
1694 1291 1885 1345 quadam
1908 1292 2001 1333 fera
2036 1323 2046 1333 .
2084 1324 2093 1332 .
2132 1324 2142 1333 .

415 1376 492 1417 per
533 1362 778 1404 Iohannem
810 1374 1043 1415 personam
1075 1360 1127 1401 de
1163 1359 1471 1413 Arnigworth'‚
1510 1360 1728 1401 dicentem
1760 1360 1950 1402 Iohanni
1982 1361 2142 1411 Luuet‚

415 1430 635 1480 viridario,
660 1430 774 1484 quod
796 1429 904 1471 vidit
927 1430 1035 1471 duos
1064 1428 1266 1470 homines
1300 1428 1448 1470 fratris
1479 1428 1660 1471 Roberti
1692 1428 1743 1470 de
1775 1428 1998 1483 Mauneby
2030 1429 2142 1471 ferre

415 1516 547 1544 Vnam
590 1502 727 1543 feram
771 1513 901 1553 super
949 1512 1087 1541 vnum
1129 1499 1279 1553 pelum
1314 1530 1324 1540 .
1358 1531 1367 1540 .
1403 1530 1412 1539 .
1446 1499 1542 1540 die⁴
1594 1497 1752 1540 Martis
1793 1498 1991 1552 proxima
2039 1502 2142 1540 ante

416 1573 576 1614 festum
609 1570 751 1613 sancti
781 1569 1009 1612 Michaelis
1041 1583 1118 1623 per
1151 1571 1340 1622 quatuor
1373 1569 1549 1611 villatas
1580 1568 1929 1623 propinquioreS,
1963 1568 2140 1619 scilicet,

413 1641 690 1694 Deresburg',
713 1639 934 1694 Braybroc
957 1641 999 1681 et
1021 1639 1294 1692 Brampton’,
1315 1652 1396 1692 que
1418 1637 1613 1692 plenarie
1630 1639 1861 1688 venerunt,
1881 1640 1923 1680 et
1938 1637 2140 1680 dixerunt

415 1724 491 1764 per
514 1711 842 1752 sacramentum
865 1721 997 1749 suum
1030 1708 1144 1761 quod
1176 1710 1319 1749 totum
1352 1707 1514 1748 falsum
1547 1707 1656 1756 fuit3
1691 1707 1806 1760 quod
1838 1707 1947 1748 bene
1980 1706 2138 1756 sciunt,

414 1780 516 1833 quia
553 1779 703 1821 eodem
736 1777 804 1819 die
835 1777 994 1819 Martis
1026 1777 1232 1819 viderunt
1263 1775 1465 1818 homines
1498 1775 1604 1818 dicti
1636 1775 1785 1817 fratris
1816 1775 1997 1817 Roberti
2028 1776 2139 1818 ferre

413 1863 550 1891 vnum
572 1849 763 1902 leporem
787 1860 916 1901 super
939 1860 1075 1888 vnum
1097 1846 1304 1887 baculum
1328 1845 1373 1886 in
1397 1845 1587 1887 deductu
1605 1858 1684 1887 suo
1702 1859 1857 1886 uersus
1874 1844 2137 1899 hospicium,

413 1932 541 1971 quem
564 1918 772 1971 ceperunt
794 1916 841 1957 in
863 1916 990 1957 bosco
1013 1915 1064 1956 de
1087 1914 1348 1968 Deresburg’
1373 1928 1473 1956 cum
1498 1914 1681 1956 canibus
1705 1913 1873 1956 domini
1894 1913 1975 1956 sui.

500 1986 644 2040 Thorp
668 1986 748 2028 sub
770 1986 897 2027 bosco
921 1983 1189 2026 summonita
1212 1983 1295 2026 suin
1317 1986 1359 2026 et
1381 1997 1470 2025 non
1493 1983 1626 2025 venit.

499 2189 763 2231 Nicholaus⁵
785 2187 836 2229 de
859 2186 1033 2229 Romes'
1058 2184 1172 2240 cepit
1205 2186 1394 2239 quatuor
1422 2185 1575 2227 damas
1598 2184 1644 2226 in
1666 2198 1796 2239 parco
1829 2184 1880 2226 de
1911 2184 2130 2226 Brixstok’

411 2258 479 2300 die
496 2260 510 2283 ⁶
533 2258 651 2300 Iouis
673 2257 870 2311 proxima
893 2258 996 2297 ante
1019 2256 1182 2296 festum
1206 2253 1347 2295 sancti
1370 2254 1535 2295 Thome
1558 2253 1744 2307 apostoli
1767 2267 1884 2295 anno
1907 2252 2130 2295 tricesimo

408 2330 563 2370 octauo
579 2341 678 2368 cum
701 2326 882 2367 canibus
904 2325 958 2366 E.
976 2325 1026 2365 de
1041 2324 1211 2372 Bosco,⁷
1226 2322 1459 2364 iusticiarii
1482 2324 1657 2373 foreste,
1674 2323 1728 2364 ad
1744 2336 1852 2376 opus
1867 2322 2063 2363 eiusdem
2077 2323 2132 2363 E.

497 2397 578 2439 Per
620 2396 766 2437 breue.
829 2395 984 2436 Frater
1025 2393 1242 2434 Robertus
1285 2392 1336 2433 de
1371 2392 1596 2446 Mauneby
1633 2392 1747 2445 cepit
1790 2391 1836 2432 in
1879 2391 2040 2432 foresta
2082 2391 2133 2433 de

409 2465 627 2518 Rokingh’
652 2463 720 2506 die
735 2465 749 2487 ⁸
775 2462 955 2507 Sabbati
978 2464 1081 2504 ante
1113 2462 1275 2503 festum
1309 2461 1451 2503 sancti
1472 2460 1697 2503 Vincencii
1730 2474 1847 2502 anno
1871 2460 2021 2502 eodem
2043 2462 2132 2501 tres

409 2535 588 2584 damas3
623 2535 665 2576 61
687 2533 785 2575 die9
807 2532 933 2574 Lune
969 2531 1166 2585 proxima
1203 2529 1402 2584 sequenti
1435 2532 1522 2572 tres
1546 2530 1698 2571 damas
1733 2529 1786 2571 de
1815 2529 1928 2571 dono
1965 2528 2132 2570 domini

407 2603 534 2656 regis.

492 2672 546 2713 E.
571 2671 621 2713 de
653 2671 808 2720 Bosco,
831 2667 1099 2710 iusticiarius
1130 2669 1300 2717 foreste,
1324 2666 1438 2722 cepit
1461 2681 1595 2709 vnam
1631 2667 1807 2709 damam
1844 2666 1891 2707 in
1921 2666 2055 2708 landa
2078 2665 2129 2707 de

405 2740 628 2782 Banefeld'
673 2739 740 2780 die
758 2738 790 2762 ¹⁰
821 2737 1031 2780 Mercurii
1072 2736 1270 2791 proxima
1313 2736 1539 2790 sequenti;
1592 2739 1635 2779 et
1673 2736 1741 2778 die
1773 2736 1892 2777 Iouis
1928 2735 2126 2789 proxima

405 2809 604 2864 sequenti
625 2808 670 2850 in
693 2807 965 2850 Thornhawe
987 2820 1119 2848 vnam
1143 2806 1333 2855 damam,
1358 2807 1401 2847 et
1422 2805 1467 2846 in
1490 2819 1621 2859 parco
1643 2805 1752 2847 duas
1775 2805 1942 2846 damas.

448 2911 454 2928 ¹
482 2911 567 2942 This
591 2920 659 2942 was
685 2908 867 2951 presented
895 2908 938 2949 by
963 2908 1022 2940 the
1049 2908 1124 2939 first
1151 2908 1228 2948 jury
1296 2907 1363 2939 tice
1381 2907 1416 2938 in
1429 2918 1506 2947 eyre
1524 2909 1558 2939 at
1576 2907 1837 2948 Northampton
1864 2907 1901 2938 in
1920 2907 2012 2938 June
2032 2906 2127 2937 1255.

403 2955 487 2986 also.
1298 2952 1360 3012 Sefie
1378 2962 1411 2991 p.
1429 2953 1470 2984 27
1488 2952 1605 2983 above.

446 3000 457 3016 2
481 2998 553 3029 The
581 2997 743 3037 ordinary
765 2995 876 3028 works
905 2997 938 3028 01
968 2996 1139 3027 reference
1169 3005 1229 3035 say
1379 2997 1418 3026 18
1436 2995 1623 3026 December
1642 2996 1737 3026 1253.

408 3042 555 3081 nothing
571 3043 606 3072 01
622 3041 693 3072 this
710 3039 812 3072 word.
1343 3040 1352 3055 ⁷
1381 3039 1442 3069 See
1458 3048 1491 3078 p.
1511 3040 1562 3075 15,
1580 3041 1660 3069 note
1680 3041 1709 3069 3.

445 3088 456 3103 ³
481 3087 522 3117 29
542 3085 740 3125 September
759 3085 855 3115 1253.
1344 3084 1354 3097 ⁵³
1382 3084 1421 3114 17
1439 3083 1594 3122 January
1612 3082 1707 3122 1253.

445 3131 456 3147 ⁴
480 3131 521 3159 23
541 3128 737 3168 September
757 3129 851 3158 1253.
1342 3127 1353 3142 ⁹
1380 3127 1419 3157 19
1437 3126 1591 3166 January
1611 3125 1705 3166 1253.

445 3175 456 3190 ⁵
482 3172 646 3204 Nicholas
676 3172 711 3203 01
736 3171 884 3211 Romsey
902 3179 969 3201 was
995 3180 1014 3201 a
1039 3170 1142 3201 forest
1160 3169 1228 3209 jus·
1334 3169 1357 3185 ¹⁰
1381 3171 1421 3199 21
1440 3170 1593 3209 January
1612 3170 1706 3210 1253.
