2421 3529
208 1399 249 1423 W.
265 1401 293 1423 et«
306 1399 339 1423 G.

206 1433 321 1456 liberati

206 1467 344 1495 magistro

207 1499 316 1528 Rogero

207 1533 356 1557 Ari-hidia-

204 1573 284 1591 cono.

207 1675 315 1698 miseri-

206 1708 310 1732 cordia.

208 1749 226 1766 x
240 1748 344 1766 maroe.

209 2314 305 2332 coram
319 2314 392 2337 rege.

212 2661 229 2678 V
243 2661 346 2679 marce.

214 2853 324 2877 miseri-

214 2887 320 2911 cordia.

444 219 503 263 13
699 226 1007 262 SELEc‘rrons
1043 226 1182 260 FROM
1218 225 1321 260 THE
1356 227 1548 263 FoREsT
1584 226 1722 261 EYRE
1757 226 1917 261 ROLLs

441 355 541 383 cum
575 340 703 383 sociis
739 340 829 381 suis
867 339 1102 394 capellanis
1140 341 1183 381 et
1218 339 1318 381 fecit
1351 339 1718 382 ammonicionem
1751 340 1864 393 quod
1896 339 2042 394 ipsum
2066 341 2119 384 G.
2146 355 2171 383 a

441 411 619 464 prisona
642 410 956 451 deliberassem
979 411 1021 450 et
1045 411 1195 450 sancte
1228 409 1405 450 ecclesie
1437 409 1750 459 restituissent,
1774 422 1823 450 eo
1846 410 1960 462 quod
1987 410 2169 451 clericus

442 480 540 521 fuit.
603 480 663 521 Et
707 477 927 520 forestarii
971 478 1178 518 timentes
1211 478 1667 520 excomunicacionem
1698 477 1844 531 ipsum
1875 478 2171 531 permiserunt

442 549 574 599 abire,
608 551 650 589 et
683 547 818 588 nichil
850 547 969 589 aliud
1008 548 1217 588 fecerunt.
1280 547 1341 588 Et
1377 547 1543 588 dictum
1578 549 1643 588 est
1678 547 1793 588 dicto
1830 547 2023 589 Waltero
2057 547 2172 601 quod

440 619 686 672 predictum
711 617 761 659 G.
786 618 940 658 contra
961 630 1113 669 pacem
1147 618 1189 657 et
1211 615 1253 656 vi
1276 629 1301 657 a
1323 615 1502 669 prisona
1535 615 1721 657 extraxit
1754 617 1796 657 et
1829 615 2024 657 abduxit.
2088 617 2170 658 Re-

441 688 628 742 quisitus
651 686 837 740 qualiter
862 700 906 727 se
929 686 1031 727 velit
1065 685 1289 738 aquietare
1322 685 1426 726 dicit
1459 685 1574 738 quod
1605 699 1694 726 non
1727 685 1824 726 uult
1856 685 1902 725 in
1934 685 2020 727 ista
2052 685 2173 726 curia

441 757 715 810 respondere.
779 755 883 796 ldeo
925 755 1186 808 requisitum
1230 757 1295 795 est
1338 768 1363 795 a
1406 754 1647 795 forestariis
1691 756 1732 795 et
1767 753 1988 795 viridariis
2024 757 2172 795 vtrum

441 827 583 867 (lictus
620 825 839 866 Walterus
874 827 916 865 et
949 824 1023 864 alii
1055 824 1200 878 ipsum
1232 824 1283 865 G.
1307 838 1332 865 a
1356 823 1532 877 prisona
1555 823 1830 864 abduxerunt
1854 823 1923 864 uel
1956 823 2174 864 forestarii

442 894 712 938 sentenciam
736 895 941 935 timentes
964 894 1110 947 ipsum
1132 893 1381 935 voluntarie
1405 893 1523 934 abire
1545 892 1854 946 permiserunt.
1918 892 2000 943 Qui
2023 892 2173 934 dicunt

441 965 555 1019 quod
578 964 821 1006 Willehnus
846 964 896 1004 de
919 964 1048 1016 Leyc'
1074 965 1116 1004 et
1149 963 1369 1005 Walterus
1403 964 1444 1004 et
1477 962 1551 1003 alii
1583 963 1799 1003 venerunt
1833 961 1887 1002 ad
1922 961 2173 1002 forestarios

441 1049 541 1076 cum
564 1034 686 1075 libris
710 1036 751 1075 et
775 1033 967 1075 candelis
990 1033 1185 1074 volentes
1218 1033 1334 1086 ipsos
1367 1031 1697 1073 excomunicare
1730 1031 1817 1071 nisi
1848 1030 2095 1084 predictum
2119 1030 2172 1072 G.

442 1119 468 1146 a
490 1104 668 1158 prisona
692 1103 1018 1146 deliberassent,
1044 1102 1117 1155 qui
1141 1101 1344 1143 dixerunt
1377 1102 1490 1155 quod
1524 1115 1612 1143 non
1635 1101 1887 1142 habuerunt
1909 1102 2173 1154 potestatem

441 1173 588 1227 ipsum
632 1172 899 1219 deliberare;
945 1173 986 1212 et
1030 1173 1137 1211 tunc
1181 1173 1458 1211 accesserunt
1501 1171 1556 1211 ad
1598 1170 1824 1223 prisonam
1859 1171 1900 1211 et
1937 1169 2083 1223 ipsum
2119 1169 2172 1211 G.

441 1243 722 1283 extraxerunt
746 1244 787 1281 et
811 1240 1100 1281 abduxerunt.
1139 1239 1199 1280 Et
1222 1239 1431 1292 magister
1454 1240 1650 1292 Rogerus
1668 1238 1787 1280 venit
1810 1241 1852 1280 et
1874 1239 1983 1292 petit
2006 1238 2174 1280 dictum

440 1312 684 1353 XValterum
727 1313 941 1363 tanquam
980 1309 1271 1362 capellanum.
1334 1309 1395 1350 Et
1427 1309 1640 1349 liberatus
1678 1307 1761 1349 fuit
1794 1307 1833 1349 ei
1865 1308 2090 1349 convictus
2123 1308 2174 1348 de

441 1381 635 1436 predicto
678 1381 805 1421 facto.
882 1380 942 1421 Et
985 1381 1136 1432 postea
1178 1378 1298 1419 venit
1336 1375 1484 1419 >dictus
1523 1377 1575 1419 G.
1612 1379 1654 1418 et
1697 1377 1947 1419 convictum
1991 1379 2055 1418 est
2097 1391 2174 1430 per

442 1450 694 1492 forestarios
717 1452 759 1492 et
782 1448 1012 1491 viridarios
1045 1448 1159 1501 quod
1191 1450 1257 1489 est
1292 1448 1548 1488 malefactor
1584 1447 1636 1487 de
1672 1446 1922 1488 venacione.
1984 1445 2044 1487 Et
2078 1459 2174 1499 pre-

442 1521 584 1562 dictus
607 1519 816 1573 magister
839 1519 1035 1571 Rogerus
1058 1517 1168 1571 petit
1191 1517 1337 1570 ipsum
1359 1519 1575 1569 tanquam
1608 1515 1813 1556 clericum
1836 1518 1878 1557 et
1902 1515 2113 1556 liberatur
2136 1515 2176 1555 ei

441 1592 653 1644 tanquam
677 1589 930 1630 malefactor
953 1590 1101 1641 aperte
1124 1592 1165 1628 et
1189 1587 1240 1628 de
1262 1587 1342 1628 hoc
1366 1585 1604 1627 convictus.
1667 1586 1727 1626 Et
1751 1584 1852 1638 quia
1870 1585 2090 1626 Iohannes
2123 1585 2175 1626 de

443 1660 640 1702 Crachal’
672 1663 711 1710 (x
734 1661 894 1708 marce)
922 1657 1165 1711 receptauit
1199 1656 1324 1697 illum
1359 1655 1626 1698 Geruasium
1659 1658 1757 1710 post
1790 1655 1898 1697 illud
1931 1655 2098 1697 factum
2131 1656 2173 1696 et

442 1730 584 1771 adhuc
607 1730 696 1770 stat
720 1742 818 1768 cum
842 1727 1006 1776 eodem,
1031 1727 1127 1767 ideo
1149 1726 1195 1767 in
1218 1725 1531 1767 misericordia.

530 1798 542 1821 ¹
559 1799 868 1839 Presentatum
892 1798 957 1838 est
979 1810 1055 1850 per
1078 1795 1328 1837 forestarios
1351 1797 1392 1836 et
1414 1793 1644 1836 viridarios
1667 1794 1780 1848 quod
1804 1794 2020 1836 Ricardus
2044 1807 2174 1835 cocus

442 1867 608 1910 domini
650 1866 827 1907 Ricardi
869 1865 1041 1907 comitis
1085 1865 1220 1915 Gloc’,
1255 1864 1500 1907 WVillelmus
1534 1864 1819 1905 marescallus
1863 1865 1905 1905 et
1952 1863 2174 1905 VValterus

441 1937 622 1979 clericus
665 1936 716 1977 de
759 1949 933 1977 camera
976 1934 1173 1976 eiusdem
1211 1933 1383 1975 comitis
1418 1933 1463 1974 in
1501 1933 1644 1975 eundo
1679 1933 1731 1975 (16
1768 1933 1988 1975 Huntind’
2018 1946 2174 1974 uersus

444 2007 663 2050 Stanford'
695 2005 751 2047 ad
782 2004 1030 2059 parandum
1061 2003 1307 2057 hospicium
1331 2002 1498 2044 domini
1520 2003 1603 2053 sui,
1638 2002 1706 2044 die
1738 2002 1947 2045 Veneris2
1977 2002 2176 2056 proxima

443 2080 545 2119 ante
579 2077 740 2118 festum
773 2074 915 2117 sancti
944 2074 1131 2124 Andree,
1164 2073 1339 2127 quando
1370 2072 1511 2113 dictus
1549 2085 1693 2113 comes
1725 2071 1807 2112 init
1840 2085 1994 2113 uersus
2026 2072 2175 2122 Ebor’,

443 2148 654 2201 ceperunt
689 2159 823 2187 Vnam
858 2145 1036 2185 damam
1078 2156 1178 2183 cum
1211 2141 1437 2195 leporariis
1461 2141 1567 2182 suis.
1623 2141 1746 2193 Quod
1770 2140 1935 2181 factum
1959 2140 2177 2182 forestarii

443 2216 620 2259 domino
643 2215 792 2257 comiti
816 2214 968 2256 statim
990 2212 1327 2261 intimauerunt,
1352 2211 1426 2265 qui
1450 2211 1617 2252 factum
1640 2210 1748 2251 illud
1780 2210 1890 2252 bene
1922 2210 2173 2252 aduocauit.

443 2286 504 2327 Et
527 2286 622 2327 ideo
645 2299 791 2326 coram
815 2297 928 2336 rege.

532 2355 873 2396 3Presentatum
906 2355 971 2394 est
1005 2365 1081 2405 per
1113 2349 1364 2393 forestarios
1397 2351 1439 2391 et
1470 2348 1700 2408 viridarios
1723 2349 1837 2403 quod
1861 2348 1962 2391 (1164
1995 2348 2177 2392 Sabbati

443 2424 642 2479 proxima
657 2425 758 2465 ante
782 2420 1177 2463 annunciacionem
1201 2420 1325 2461 beate
1343 2418 1483 2460 Marie
1507 2432 1622 2460 anno
1646 2420 1727 2459 etc.
1747 2417 1968 2460 tricesimo
1991 2417 2176 2471 septimo

445 2495 562 2536 infra
593 2495 766 2535 noctem
799 2491 916 2545 capti
949 2491 1128 2532 fuerunt
1161 2489 1246 2530 duo
1278 2488 1483 2542 leporarii
1513 2501 1589 2542 per
1622 2487 1832 2529 forestam
1865 2489 2089 2529 currentes
2122 2487 2177 2528 ad

445 2563 623 2606 bestias.
681 2560 918 2615 Inquisicio
953 2560 1069 2601 facta
1101 2558 1184 2600 fuit
1219 2572 1294 2612 per
1324 2558 1497 2599 villatas
1531 2557 1583 2598 de
1615 2557 1779 2610 Magna
1814 2556 1990 2599 Stiuecl'
2024 2560 2093 2607 (XX
2123 2560 2176 2607 5),

446 2634 637 2687 Rypton'
662 2629 845 2672 Abbatis
873 2633 940 2679 (xx
963 2632 1017 2680 s),
1043 2628 1247 2669 Herford'
1273 2627 1300 2682 (j
1327 2631 1493 2675 marca)
1519 2628 1560 2668 et
1584 2626 1774 2679 Rypton'
1799 2625 1929 2678 Regis
1956 2625 1984 2679 (j
2008 2628 2172 2676 marca)

447 2702 499 2744 de
541 2701 667 2743 dictis
709 2698 936 2753 leporariis
978 2697 1101 2739 cuius
1136 2698 1281 2738 essent
1324 2698 1366 2737 et
1408 2696 1520 2737 vnde
1552 2694 1788 2737 venissent.
1850 2695 1911 2737 Et
1943 2694 2079 2735 nichil
2110 2693 2175 2735 in-

447 2771 561 2826 quiri
611 2769 768 2824 potuit.
854 2768 916 2809 Et
968 2767 1069 2821 quia
1121 2766 1234 2808 dicte
1285 2765 1432 2807 villate
1484 2778 1574 2806 non
1620 2766 1836 2806 venerunt
1882 2763 2076 2817 plenarie
2121 2763 2176 2805 ad

446 2839 804 2895 inquisicionem;
850 2837 945 2879 ideo
982 2836 1028 2877 in
1070 2834 1382 2877 misericordia.
1446 2833 1508 2876 Et
1549 2833 1800 2875 Iohannes⁵
1842 2833 2026 2874 Mansel'
2070 2835 2176 2874 tunc

494 3001 501 3018 ¹
530 3001 591 3032 See
608 3009 639 3039 p.
658 3001 710 3032 78.
801 2999 812 3016 ²
837 2998 878 3028 24
896 2996 1086 3028 November
1102 2996 1197 3027 1251.
1348 2994 1407 3026 the
1433 2995 1556 3025 forests
1582 2994 1732 3025 between
1763 2992 1937 3025 Stamford
1965 2992 2081 3031 bridge
2108 2992 2176 3023 and

492 3045 504 3062 ³
529 3045 591 3075 See
607 3053 640 3083 p.
659 3045 710 3075 78.
1343 3038 1471 3070 Oxford
1496 3038 1612 3077 bridge
1636 3038 1672 3068 in
1697 3038 1893 3069 succession
1915 3040 1949 3068 to
1968 3037 2124 3076 Geoffrey
2141 3036 2176 3067 of

494 3089 503 3105 ⁴
529 3089 569 3119 22
588 3087 707 3118 March
727 3086 818 3128 1253.
1343 3083 1495 3122 Langley
1512 3082 1555 3122 by
1572 3082 1688 3113 letters
1706 3084 1825 3121 patent
1843 3081 1946 3112 dated
1972 3082 2012 3111 24
2030 3080 2175 3112 October

492 3134 503 3150 ⁵
528 3132 620 3163 John
648 3130 779 3162 Mansel
805 3140 871 3162 was
896 3127 1080 3168 appointed
1106 3126 1215 3159 bailisf
1240 3127 1272 3158 of
1344 3128 1438 3157 1252.
1488 3126 1549 3159 See
1568 3126 1691 3157 Patent
1709 3125 1786 3157 Roll
1804 3126 1855 3162 61,
1875 3124 1998 3156 memb.
2019 3126 2047 3155 1.
