2421 3529
458 269 509 315 5]
714 278 1020 313 SELEoTsz
1056 278 1193 311 FROM
1231 277 1334 311 THE
1372 276 1563 310 FORICST
1599 275 1736 309 EYRE
1772 275 1931 308 ROLLs

459 406 540 446 que
575 391 629 433 ad
671 391 899 433 dominum
937 404 1082 444 regem
1120 390 1344 443 pertinent
1373 392 1415 431 et
1453 403 1541 431 non
1574 389 1628 430 ad
1665 388 1810 441 ipsum
1843 388 2037 436 Petrum,
2070 386 2183 428 vnde

460 461 622 515 recepit
646 461 872 514 sexaginta
895 460 1068 510 solidos,
1094 460 1145 501 de
1168 459 1325 513 quibus
1348 458 1625 511 respondeat.
1687 457 1748 498 Et
1770 456 1825 497 ad
1848 456 2059 496 iudicium
2082 458 2163 496 etc.

550 531 671 572 Idem
696 531 852 571 Petrus
875 528 1109 584 [inposuit]
1130 527 1266 582 priori
1288 528 1340 568 de
1362 527 1503 568 Land'
1528 526 1642 579 quod
1665 525 1852 579 quedam
1875 524 1963 565 fere
1986 523 2183 565 exierunt

463 602 671 641 forestam
704 600 746 640 et
788 598 1071 639 intrauerunt
1115 610 1299 651 parcum
1335 595 1474 650 ipsius
1509 594 1667 649 prioris
1700 594 1775 648 qui
1818 595 1883 635 est
1927 592 2184 648 [iungens]¹

464 670 622 710 foreste
644 682 720 722 per
744 667 857 721 quod
880 667 972 720 ipse
1002 666 1160 707 Petrus
1199 665 1299 706 fecit
1334 663 1541 720 [cariare]
1569 664 1717 717 plures
1740 664 1934 704 careotas
1956 661 2110 715 foragii
2132 661 2187 702 ad

464 738 807 780 comburendam
839 737 1001 790 hayam
1035 735 1156 790 parci
1189 735 1306 776 illius
1325 749 1335 784 3
1370 735 1412 775 et
1444 733 1727 787 postmodum
1761 733 1904 773 dictus
1936 731 2054 785 prior
2088 730 2188 772 fecit

465 808 597 850 finem
622 821 721 849 cum
744 821 793 848 eo
817 806 868 848 de
890 820 996 860 pace
1019 803 1222 847 habenda
1244 818 1322 857 pro
1345 802 1530 856 triginta
1553 801 1727 853 marcis.
1790 801 1851 843 Et
1874 801 1975 855 quia
2005 800 2190 841 emenda

464 876 717 918 huiusmodi
751 873 1112 929 transgressionis
1149 873 1204 915 ad
1239 872 1469 914 dominum
1504 885 1650 924 regem
1688 870 1924 923 pertinent,
1948 872 1990 910 et
2022 883 2110 911 non
2134 868 2188 910 ad

231 960 266 984 ad
284 958 430 983 iudicium-
466 947 632 989 dictum
656 947 836 988 Petrum
859 945 955 987 ideo
978 944 1028 986 de
1053 942 1244 986 denariis
1267 941 1530 996 respondeat
1554 942 1595 982 et
1619 940 1673 982 ad
1697 939 1908 981 iudicium
1932 941 2013 981 etc.

899 1191 1086 1227 ²Adhuc
1111 1190 1167 1225 de
1192 1189 1327 1232 prisis
1352 1188 1476 1224 Petri
1499 1189 1555 1223 de
1582 1186 1761 1222 Neuill’.

556 1294 678 1335 Idem
708 1293 864 1334 Petrus
897 1291 1010 1345 cepit
1045 1290 1097 1332 de
1119 1289 1337 1333 Willelmo
1374 1289 1412 1331 16
1446 1288 1608 1342 Ryder,
1633 1286 1860 1329 forestario
1884 1286 1963 1327 sub
1986 1285 2093 1339 ipso,
2116 1299 2194 1338 pro

236 1381 335 1405 xxsol.
469 1362 816 1417 transgressione
853 1359 1102 1403 venacionis
1140 1359 1185 1400 in
1221 1360 1383 1401 foresta
1417 1357 1574 1412 viginti
1606 1357 1779 1406 solidos,
1803 1355 1914 1397 vnde
1936 1355 2196 1409 respondeat

236 1447 383 1471 iudicium.
468 1436 548 1476 etc.
567 1449 576 1483 ;
611 1435 653 1474 et
676 1432 731 1474 ad
754 1431 966 1472 iudicium
991 1431 1042 1471 de
1065 1443 1115 1471 eo
1137 1432 1218 1471 etc.

558 1504 680 1545 Idem
724 1503 879 1543 Petrus
914 1500 1070 1542 habuit
1107 1499 1293 1553 singulis
1338 1498 1469 1541 annis
1516 1501 1795 1552 preterquam
1835 1496 1950 1538 inter
1991 1495 2104 1536 bella
2147 1494 2199 1535 de

469 1575 617 1616 Lewes
650 1575 693 1614 et
724 1572 776 1613 de
810 1570 1066 1612 Evesham³
1099 1569 1375 1623 porcheriam
1410 1582 1536 1609 suam
1570 1569 1611 1609 et
1644 1581 1797 1621 porcos
1831 1579 1931 1607 suos
1964 1565 2200 1619 aliquando

468 1644 708 1685 trescentos
732 1640 946 1683 fodientes
978 1639 1024 1680 in
1053 1640 1169 1693 haya
1202 1638 1369 1680 domini
1401 1638 1516 1691 regis
1551 1637 1646 1679 sine
1670 1639 1866 1678 waranto
1900 1636 1954 1677 ad
1989 1648 2198 1688 magnam

236 1730 270 1754 aa
289 1729 437 1753 iudicium.
470 1711 858 1755 deheriomcionem
881 1711 1062 1764 pasture
1081 1710 1275 1750 ferarum
1300 1707 1466 1749 domini
1499 1707 1637 1760 regis3
1673 1706 1785 1748 vnde
1816 1706 1870 1747 ad
1903 1704 2113 1746 iudicium
2146 1704 2199 1744 de

470 1798 534 1824 eo.
596 1782 657 1823 Et
693 1780 919 1822 sciendum
963 1782 1027 1820 est
1062 1778 1178 1832 quod
1214 1778 1459 1832 proficuum
1503 1776 1675 1830 glandis
1718 1777 1760 1817 et
1797 1777 1976 1830 pasture
2007 1773 2199 1828 predicte

471 1852 752 1905 computatur
774 1848 897 1902 prius
921 1850 969 1889 ut
993 1849 1130 1901 patet.

560 1920 683 1961 Idem
706 1919 862 1960 Petrus
884 1917 1040 1959 habuit
1063 1916 1283 1970 quendam
1307 1915 1604 1964 forestarium,
1627 1928 1756 1968 quem
1780 1914 1832 1956 de
1859 1928 1974 1955 nouo
1997 1912 2201 1954 videlicet

474 2004 549 2044 per
581 1991 670 2030 tres
708 2001 848 2029 annos
885 1986 974 2027 iam
1005 1986 1175 2039 elapsos
1208 1985 1454 2038 assignauit
1489 1985 1544 2026 ad
1582 1983 1922 2026 custodiendum
1956 1981 2202 2023 chiminum

474 2060 589 2100 inter
634 2057 856 2116 Stanford'
901 2057 942 2097 et
984 2055 1415 2108 Briggechasterton'
1459 2054 1573 2107 quod
1612 2056 1677 2095 est
1721 2053 1767 2094 in
1805 2052 2020 2094 forinseca
2062 2050 2205 2092 diuisa

476 2130 634 2170 foreste
657 2141 706 2168 ex
728 2129 852 2180 parte
874 2125 1077 2167 orientali
1100 2127 1142 2166 et
1164 2125 1219 2166 ad
1242 2124 1502 2178 capiendum
1526 2122 1842 2176 chiminagium
1866 2122 1919 2164 ad
1943 2135 2051 2175 opus
2074 2134 2203 2161 suum

477 2198 519 2239 in
545 2197 746 2252 partibus
768 2196 882 2244 illis;
918 2198 959 2236 et
992 2196 1175 2236 uocatur
1207 2194 1278 2235 ille
1308 2193 1564 2235 forestarius
1589 2193 1780 2234 Thomas
1804 2192 1855 2233 de
1883 2190 2107 2234 Saldeford
2130 2189 2205 2242 qui

480 2267 592 2321 cepit
616 2267 666 2307 dc
690 2265 883 2319 qualibet
907 2266 1079 2306 carecta
1102 2264 1287 2305 ducente
1310 2264 1490 2304 buscam
1514 2263 1582 2303 uel
1605 2261 1894 2303 maeremium
1918 2261 1969 2302 de
1991 2259 2203 2301 comitatu

481 2336 605 2378 Linc'
630 2349 766 2388 usque
791 2333 1090 2377 Stanfordiam
1128 2347 1203 2387 per
1236 2332 1480 2373 chiminum
1513 2331 1758 2385 predictum
1793 2332 1980 2384 quatuor
2003 2328 2204 2370 denarios

481 2421 560 2460 pro
583 2404 848 2458 chiminagio
871 2406 1023 2445 contra
1046 2403 1231 2445 assisam
1264 2403 1421 2443 foreste
1456 2404 1498 2443 et
1530 2404 1682 2443 contra
1713 2402 1882 2442 cartam
1905 2398 2070 2441 domini
2093 2398 2205 2451 regis

482 2477 533 2517 de
556 2476 756 2516 libertate
781 2475 938 2515 foreste
960 2473 1072 2514 vnde
1106 2486 1280 2513 summa
1303 2485 1390 2512 non
1423 2473 1566 2524 potest
1598 2470 1774 2523 inquiri.
1836 2470 1897 2510 Et
1920 2467 2204 2510 testificatum

482 2549 546 2587 est
569 2559 644 2599 per
667 2558 818 2586 omnes
840 2544 1057 2584 iuratores
1091 2542 1205 2595 quod
1241 2555 1320 2582 nec
1356 2541 1500 2582 dictus
1528 2541 1686 2582 Petrus
1719 2553 1798 2581 nec
1821 2543 2115 2580 antecessores
2139 2536 2206 2577 sui

482 2627 677 2667 unquam
699 2613 951 2654 habuerunt
978 2611 1167 2664 aliquem
1192 2609 1474 2652 forestarium
1504 2609 1665 2650 ibidem
1694 2608 2012 2650 custodientem
2045 2606 2204 2648 ibidem

481 2683 725 2725 chiminum
758 2695 836 2722 nec
870 2681 1116 2734 capientem
1149 2679 1468 2733 chiminagium
1501 2679 1660 2719 ibidem
1696 2680 1798 2719 ante
1830 2679 1918 2719 tres
1948 2689 2087 2718 annos
2110 2689 2206 2729 pre-

249 2773 282 2796 aa
302 2772 448 2796 nuncium.
483 2753 620 2794 dictos
643 2765 722 2792 nec
746 2751 797 2792 de
820 2751 913 2792 iure
936 2750 1096 2790 habere
1120 2749 1380 2799 debuerunt,
1406 2749 1502 2790 ideo
1525 2749 1578 2790 ad
1601 2747 1812 2789 iudicium
1835 2747 1887 2788 de
1909 2759 1973 2788 eo.

571 2822 692 2863 Idem
712 2820 903 2861 Thomas
926 2818 1162 2860 arrestauit
1194 2820 1413 2859 carectam
1447 2817 1634 2861 Galfridi
1665 2816 1744 2858 filii
1773 2816 1900 2859 Sarre
1925 2816 1975 2856 de
1993 2813 2204 2868 Emping-

483 2892 587 2932 ham
611 2891 831 2932 carcatam
865 2887 1045 2929 fraxinis
1078 2887 1122 2927 in
1155 2886 1348 2928 chimino
1381 2887 1494 2929 inter
1530 2886 1752 2929 Stanford’
1777 2888 1818 2927 et
1841 2884 2142 2937 Empingham
2165 2885 2207 2924 ct

485 2960 623 3013 exegit
646 2960 697 3001 de
720 2958 870 3000 eodem
894 2956 1090 3000 Galfrido
1113 2956 1444 3008 chiminagium.
1506 2957 1566 2997 Et
1589 2955 1691 3009 quia
1714 2955 1828 2996 idem
1852 2953 2077 2997 Galfridus
2100 2951 2206 2994 dixit

533 3144 535 3159 ¹
565 3143 654 3173 Here
680 3142 780 3181 again
799 3140 856 3172 the
875 3141 1002 3171 correct
1028 3137 1167 3174 reading:
1185 3137 1213 3169 is
1232 3148 1311 3179 very
1425 3140 1435 3154 5³
1460 3137 1525 3168 For
1553 3137 1610 3168 the
1637 3137 1731 3168 dates
1760 3138 1792 3168 oi
1820 3136 1915 3168 these
1945 3134 2070 3168 battles
2096 3144 2148 3167 sec
2175 3144 2206 3173 p.

487 3187 653 3219 doubtful.
967 3185 978 3201 ‘-'
1003 3182 1079 3213 110ss
1098 3183 1126 3212 i.
1382 3183 1430 3219 40,
1450 3184 1527 3213 note
1546 3183 1563 3211 2
1583 3182 1696 3213 above
