2421 3529
455 207 557 244 THE
594 207 776 252 omen,
814 206 915 243 THE
953 206 1096 242 PAI-{K
1132 208 1238 242 ΑΜ)
1275 208 1378 243 THE
1418 208 1644 243 WARREN
1765 199 1911 244 cxxxi

178 321 383 375 entering
406 335 431 363 a
454 334 622 363 warren
645 320 731 361 and
754 320 948 374 hunting
964 320 1009 361 in
1028 320 1062 362 it
1077 319 1263 362 without
1286 320 1360 362 the
1383 321 1516 362 lord's
1539 322 1658 362 leave
1677 335 1685 368 ;
1730 322 1776 361 of
1795 321 1908 362 their

181 390 334 444 taking
355 391 486 432 hares
508 389 554 430 in
577 389 632 438 it;
670 389 757 431 and
780 389 827 431 of
847 389 921 431 the
944 388 1128 442 damage
1150 388 1291 430 which
1325 389 1399 430 the
1422 389 1516 430 lord
1541 389 1725 430 suffered
1749 390 1804 443 by
1836 390 1909 431 the

178 460 388 512 trespass.
451 457 541 500 But
563 472 623 500 we
647 457 700 500 do
723 461 801 501 not
823 457 915 499 find
938 457 1013 500 the
1039 458 1167 499 hares
1191 457 1415 499 described
1447 471 1495 499 as
1528 457 1603 499 the
1627 460 1834 511 property
1866 459 1911 499 of

180 527 255 568 the
276 526 384 568 lord.
447 527 538 568 The
561 525 781 580 following
802 525 839 568 is
861 540 887 568 a
910 526 1073 581 typical
1096 526 1294 580 example
1316 526 1364 568 of
1384 526 1458 568 the
1481 526 1632 568 record
1653 526 1662 550 ¹
1688 527 1733 568 of
1763 541 1788 568 a
1811 541 1907 568 6636

180 596 227 638 of
246 598 440 650 trespass
463 594 508 636 in
531 609 558 637 a
579 609 760 637 warren.

260 700 374 739 Idem
394 699 598 739 Iohannes
619 699 745 738 etalii
776 699 989 739 attachiati
1020 700 1185 739 fuerunt
1219 698 1268 738 ad
1301 699 1625 749 respondendum
1655 699 1829 738 Iohanni
1859 699 1907 738 de

182 760 343 800 Sutton'
366 761 414 799 de
445 760 592 810 placito
623 773 746 809 quare
779 761 820 798 ui
841 763 879 799 et
909 761 1032 799 armis
1052 761 1220 799 liberam
1241 773 1472 798 warennam
1492 759 1618 808 ipsius
1639 759 1833 798 Iohannis
1862 761 1909 799 de

182 821 343 860 Sutton’
365 821 472 870 apud
506 820 667 860 Sutton'
689 820 731 858 in
761 820 1031 859 Holdernesse
1062 821 1318 859 intrauerunt
1348 822 1387 858 et
1411 820 1452 857 in
1482 832 1528 857 ea
1556 820 1641 858 sine
1673 820 1841 858 licencia
1871 824 1910 858 et

179 883 389 921 uoluntate
423 881 601 920 eiusdem
631 881 827 920 Iohannis
855 882 903 920 de
936 882 1096 922 Sutton⁷
1119 882 1364 930 fugauerunt
1398 883 1437 919 61
1465 880 1619 930 lepores
1652 885 1842 930 ceperunt
1872 885 1910 921 et

178 944 487 993 asportauerunt
500 944 538 980 et
559 941 638 980 alia
657 941 837 980 enormia
858 944 931 980 etc.
949 942 999 980 ad
1019 955 1141 991 graue
1159 941 1382 990 dampnum
1402 940 1527 990 ipsius
1549 940 1744 979 Iohannis
1765 941 1908 991 uiginti

177 1002 373 1041 librarum
393 1005 432 1041 et
453 1003 558 1041 unde
578 1003 758 1052 queritur
778 1002 884 1052 quod
904 1002 967 1041 die
995 1001 1163 1041 Sabbati
1192 1001 1373 1051 proxima
1393 1007 1486 1040 ante
1507 1002 1655 1040 festum
1677 1002 1909 1041 Annuncia-

179 1063 305 1102 cionis
338 1063 453 1102 beate
482 1063 608 1102 Marie
639 1075 746 1102 anno
776 1063 889 1112 regni
918 1062 1022 1112 regis
1061 1075 1169 1100 nunc
1208 1061 1409 1100 tricesimo
1444 1062 1617 1100 secundo
1651 1063 1691 1100 ui
1723 1065 1761 1101 et
1788 1064 1910 1102 armis

178 1124 346 1163 liberam
371 1136 603 1162 warennam
628 1124 754 1173 ipsius
774 1124 970 1162 Iohannis
1000 1123 1106 1172 apud
1137 1123 1296 1161 Sutton’
1327 1123 1583 1160 intrauerunt
1611 1126 1650 1161 et
1680 1123 1721 1160 in
1750 1137 1796 1162 ea
1826 1125 1910 1162 sine

179 1184 347 1223 licencia
375 1183 618 1233 fugauerunt
647 1187 687 1223 et
724 1184 900 1234 quinque
929 1185 1082 1232 lepores
1120 1186 1311 1232 ceperunt
1355 1186 1393 1221 61
1433 1187 1769 1232 63110116116111111;
1806 1186 1911 1223 unde

179 1243 276 1282 dicit
292 1244 398 1293 quod
417 1244 680 1283 deterioratus
697 1247 757 1283 est
776 1248 816 1282 et
835 1244 1057 1294 dampnum
1079 1242 1200 1281 1161161
1221 1244 1270 1281 6(1
1291 1243 1515 1282 1161611616111
1536 1248 1698 1282 6611111111
1718 1244 1910 1283 librarum

180 1308 219 1344 et
239 1305 331 1343 inde
352 1307 501 1344 sectam
522 1305 704 1354 producit
725 1308 799 1344 etc.

260 1366 316 1404 Et
335 1364 501 1415 predicti
520 1365 723 1404 Iohannes
743 1365 790 1404 de
811 1365 921 1415 Gray
940 1368 979 1403 et
1000 1364 1067 1403 alii
1088 1365 1257 1403 ueniunt
1274 1367 1312 1402 et
1326 1364 1544 1403 defendunt
1558 1365 1642 1403 uim
1662 1369 1701 1403 et
1721 1366 1910 1404 iniuriam

180 1426 341 1476 quando
365 1429 439 1465 etc.
508 1426 564 1465 Et
593 1426 795 1465 Iohannes
828 1426 876 1464 de
903 1426 1012 1476 Gray
1043 1425 1139 1463 dicit
1173 1426 1279 1474 quod
1311 1425 1353 1462 in
1387 1426 1500 1464 nullo
1529 1428 1590 1464 est
1618 1426 1828 1476 culpabilis
1863 1428 1911 1466 de

181 1488 499 1537 transgressione
518 1487 709 1537 predicta,
730 1490 770 1525 et
790 1487 837 1525 (16
858 1488 933 1526 1106
953 1487 1066 1536 ponit
1088 1500 1128 1524 se
1150 1500 1267 1535 super
1288 1486 1473 1535 patriam.

261 1549 317 1587 Et
337 1548 539 1598 predictus
569 1547 768 1586 Robertus
795 1549 831 1586 le
860 1548 1050 1587 Seriaunt
1077 1551 1114 1585 et
1142 1560 1281 1585 omnes
1303 1546 1369 1584 alii
1391 1546 1528 1585 dicunt
1554 1548 1661 1596 quod
1687 1548 1762 1597 ipsi
1790 1549 1911 1587 simul

180 1622 273 1648 cum
293 1621 415 1647 uxore
434 1608 601 1658 predicti
621 1608 816 1646 Iohannis
838 1608 885 1646 de
902 1608 1010 1657 Gray
1032 1608 1192 1645 inerunt
1213 1607 1253 1644 in
1271 1607 1421 1656 campis
1437 1608 1625 1657 predictis
1638 1608 1680 1646 in
1700 1609 1912 1648 dominicis

180 1669 296 1710 terris
317 1671 398 1709 suis
418 1682 539 1709 causa
558 1669 722 1708 ludendi
741 1682 833 1708 611111
853 1669 1059 1717 leporariis
1081 1668 1175 1705 suis·
1232 1669 1412 1706 Tandem
1434 1669 1598 1707 saltauit
1619 1682 1722 1707 unus
1742 1671 1853 1719 lepus
1870 1672 1912 1708 in

181 1730 393 1770 dominicis
415 1730 496 1770 suis
527 1730 740 1779 predictis;
773 1732 811 1768 et
839 1729 1025 1778 leporarii
1055 1729 1117 1766 sui
1146 1732 1408 1767 cucurrerunt
1437 1730 1485 1767 ad
1514 1730 1689 1779 leporem
1718 1734 1757 1769 et
1786 1732 1913 1769 secuti

181 1791 345 1830 fuerunt
373 1794 447 1830 616.
469 1803 595 1840 usque
624 1790 667 1828 in
697 1793 844 1828 terram
874 1789 1041 1839 predicti
1071 1790 1267 1827 Iohannis
1296 1790 1343 1827 de
1376 1790 1552 1828 Sutton’.
1609 1791 1664 1829 Et
1693 1804 1810 1840 super
1838 1792 1913 1831 hoc

183 1852 295 1891 uenit
323 1851 598 1891 warennarius
629 1851 755 1901 ipsius
785 1850 981 1889 Iohannis
1003 1851 1050 1888 de
1073 1851 1219 1888 81111011
1242 1853 1280 1888 61
1300 1850 1406 1899 ipsos
1437 1851 1668 1890 deuadiauit
1688 1855 1727 1890 et
1748 1852 1914 1891 uadium

182 1913 314 1952 adhuc
335 1916 445 1952 tenet
469 1913 555 1951 sine
584 1912 719 1962 aliqua
748 1911 1066 1960 transgressione
1096 1911 1225 1949 eidem
1255 1911 1429 1950 Iohanni
1458 1912 1505 1950 de
1536 1912 1697 1952 Sutton’
1719 1912 1912 1952 facienda.

185 1974 240 2013 Et
260 1974 307 2012 de
328 1974 403 2012 hoc
424 1976 581 2023 ponunt
602 1986 642 2011 se
663 1986 782 2022 super
801 1973 988 2022 patriam.

263 2035 319 2073 Et
338 2035 540 2084 predictus
561 2033 764 2072 Iohannes
784 2034 831 2071 de
854 2034 1014 2073 Sutton'
1037 2033 1133 2071 dicit
1161 2033 1265 2082 quod
1294 2033 1495 2082 predictus
1516 2033 1717 2072 Iohannes
1737 2034 1783 2073 de
1806 2035 1914 2084 Gray

182 2098 222 2135 et
250 2095 320 2134 6111
352 2095 393 2134 111
427 2099 466 2134 61
496 2095 619 2134 armis
639 2108 872 2133 warennam
894 2108 1008 2133 suam
1029 2095 1135 2143 apud
1159 2095 1318 2133 Sutton’
1341 2095 1596 2132 intrauerunt
1616 2098 1654 2133 et
1683 2096 1725 2133 in
1754 2109 1800 2134 ea
1829 2097 1914 2134 sine

181 2157 351 2195 licencia
370 2159 444 2195 etc.
464 2157 710 2206 fugauerunt
739 2160 778 2194 61
807 2156 982 2205 quinque
1003 2156 1155 2205 lepores
1185 2159 1376 2204 ceperunt
1405 2158 1443 2194 et
1472 2158 1782 2204 asportauerunt
1812 2157 1915 2195 316111

183 2218 366 2267 superius
387 2217 579 2267 queritur.
636 2218 690 2255 Et
722 2216 797 2256 hoc
828 2217 929 2266 petit
960 2217 1065 2265 quod
1097 2216 1336 2265 inquiratur.
1395 2216 1490 2253 Ideo
1512 2217 1649 2254 ueniat
1670 2217 1761 2255 inde
1782 2218 1913 2256 iurata

182 2292 317 2318 coram
355 2269 446 2329 rege
488 2279 530 2317 in
575 2277 750 2318 crastino
790 2277 1094 2317 Purificacionis
1138 2276 1254 2316 beate
1286 2277 1413 2315 Marie
1448 2276 1675 2327 ubicunque
1706 2281 1780 2317 616.
1821 2279 1914 2328 quia

183 2342 268 2379 tam
289 2343 364 2380 etc.

273 2462 365 2504 The
387 2461 493 2504 view
515 2461 612 2503 that
635 2461 709 2503 1116
731 2460 878 2502 beasts
900 2461 946 2502 of
966 2460 1039 2501 the
1062 2474 1229 2502 warren
1252 2473 1361 2502 were
1384 2459 1565 2501 noxious
1588 2460 1748 2510 beasts,
1773 2461 1911 2502 which

185 2545 295 2574 were
331 2530 515 2581 hunted‚
554 2530 633 2572 but
669 2532 747 2572 not
781 2529 1025 2583 preserved,
1064 2529 1101 2570 is
1143 2529 1448 2571 corroborated
1492 2529 1548 2583 by
1585 2530 1770 2571 another
1809 2532 1910 2571 fact.

186 2600 358 2654 During
391 2599 466 2641 the
503 2599 670 2641 twelfth
704 2598 792 2640 and
829 2597 1074 2640 thirteenth
1108 2597 1328 2639 centul-ies
1362 2599 1437 2640 the
1470 2597 1597 2651 kings
1630 2599 1676 2640 of
1705 2599 1910 2652 England

184 2668 436 2723 frequently
458 2668 643 2722 granted
675 2670 720 2710 to
753 2666 1020 2708 individuals
1050 2667 1125 2708 the
1154 2666 1313 2720 liberty
1335 2670 1381 2708 to
1402 2666 1515 2708 hunt
1539 2667 1705 2708 certain
1727 2667 1914 2708 animals

185 2740 231 2782 in
253 2738 447 2781 districts
469 2738 515 2779 in
537 2737 678 2780 which
702 2738 824 2779 there
847 2751 956 2779 were
982 2737 1153 2779 forests.
1200 2736 1252 2777 In
1276 2737 1428 2790 nearly
1450 2737 1508 2778 all
1531 2751 1651 2778 cases
1676 2738 1748 2778 the
1772 2737 1913 2791 king's

184 2822 375 2852 warrens
398 2808 485 2849 and
507 2807 582 2849 the
604 2821 796 2849 warrens
828 2807 874 2849 of
904 2806 1029 2849 other
1051 2805 1317 2848 individuals
1339 2820 1447 2847 were
1470 2807 1689 2859 expressly
1712 2807 1914 2859 excepted

186 2879 303 2920 from
326 2877 401 2919 the
424 2876 618 2919 districts
641 2890 742 2919 over
764 2875 906 2918 which
928 2875 1003 2918 the
1026 2875 1184 2928 liberty
1207 2889 1293 2917 was
1327 2877 1371 2915 to
1404 2875 1455 2915 be
1487 2874 1717 2916 exercised.
1782 2876 1917 2923 Thus,

190 3001 341 3039 Maiora,
370 3000 465 3032 Rolls
494 3001 616 3037 Series,
634 2999 699 3032 vol.
725 3000 770 3031 iv.
794 3009 826 3039 p.
845 2999 910 3035 51.)
960 2999 1023 3030 See
1136 2999 1142 3016 ¹
1173 2997 1245 3029 The
1279 3007 1356 3030 6636
1392 3007 1458 3028 was
1485 2996 1590 3027 heard
1624 2996 1657 3026 in
1692 2996 1918 3028 Michaehnas

190 3045 264 3077 also
282 3045 341 3076 the
364 3046 451 3076 Year
476 3045 570 3076 Book
595 3045 629 3075 of
657 3046 675 3075 3
702 3044 790 3075 Η611.
809 3042 859 3076 vi?
879 3043 1020 3085 (edition
1091 3045 1177 3074 term
1196 3042 1290 3072 1304.
1353 3041 1423 3071 The
1437 3041 1606 3072 reference
1618 3040 1707 3070 toits
1723 3041 1912 3072 enrohnent

193 3089 303 3130 1679),
321 3088 457 3130 Trinity
475 3089 589 3126 Term,
607 3089 650 3121 fo.
670 3089 721 3125 55,
739 3098 817 3120 case
835 3089 888 3118 34.
1090 3086 1118 3117 is
1137 3086 1279 3116 ‘Coram
1296 3085 1384 3123 Rege
1402 3084 1497 3116 Rolls
1517 3086 1588 3120 178,
1607 3084 1683 3120 Bot,
1703 3084 1743 3115 60
1761 3085 1805 3115 (έῦ
