2421 3529
300 1296 476 1323 Rokenham.

537 272 596 321 27
792 285 1099 321 SELECTIONS
1136 286 1273 320 FROM
1310 286 1412 320 THE
1448 286 1639 321 FOREST
1676 287 1813 322 EYRE
1848 287 2009 323 ROLLS

1311 588 1348 630 V
1374 588 1466 639 (a).¹

535 710 784 752 PLACITA
825 709 1094 752 FORESTE
1134 709 1196 750 IN
1242 709 1538 752 COMITATU
1583 710 1920 752 NORTHAMT’
1961 709 2160 752 CORAM
2191 709 2258 752 W.

622 780 699 821 LE
754 780 1000 829 BRITON’,
1056 779 1354 822 NICHOLAO
1407 780 1485 820 DE
1539 780 1769 829 ROMES',
1826 780 2125 823 GALFRIDO
2177 780 2257 820 DE

623 849 957 892 LEUCKNOR'
1001 850 1077 891 ET
1128 849 1363 892 SYMONE
1415 849 1494 889 DE
1551 849 1698 891 TROP
1750 850 2130 892 IUSTICIARIIS
2182 850 2260 890 AD

622 918 872 960 PLACITA
925 918 1192 961 FORES'I'E
1248 919 1309 959 IN
1363 918 1679 961 CRASTINO2
1723 918 1927 961 SANCTI
1974 919 2260 961 IOHANNIS

622 988 906 1031 BAPTISTE
962 988 1118 1030 ANNO
1161 988 1348 1031 REGNI
1400 987 1580 1031 REGIS
1632 988 1884 1031 HENRICI
1937 987 2260 1031 TRICESIMO

625 1057 793 1100 NONO.

800 1286 987 1320 ³Adhue
1013 1285 1069 1320 de
1092 1285 1342 1321 venacione
1366 1284 1415 1319 in
1438 1284 1612 1320 balliua
1636 1285 1692 1320 de
1716 1285 1982 1328 Roginham.

621 1375 931 1417 Presentatum
954 1377 1019 1416 est
1042 1388 1117 1428 per
1136 1374 1386 1416 forestarios
1409 1376 1450 1416 et
1465 1374 1693 1416 viridarios
1710 1377 1752 1416 et
1767 1374 2013 1416 convictum
2031 1373 2145 1428 quod
2163 1373 2230 1415 die
2248 1374 2262 1397 ⁴

533 1445 691 1487 Martis
724 1444 769 1485 in
803 1445 913 1486 festo
946 1444 1058 1486 Gule
1089 1444 1278 1498 Augusti
1310 1457 1427 1485 anno
1450 1443 1654 1485 vicesimo
1686 1457 1816 1494 nono,
1845 1458 1944 1485 cum
1968 1444 2186 1485 Henricus
2210 1443 2262 1484 de

534 1516 685 1556 sancto
722 1513 844 1556 Licio
876 1516 918 1554 et
951 1513 1025 1555 alii
1057 1513 1276 1554 forestarii
1307 1512 1520 1554 vidissent
1553 1513 1854 1555 malefactores
1887 1513 1933 1554 in
1966 1514 2128 1555 foresta
2160 1526 2261 1554 cum

533 1585 721 1626 arcubus
765 1586 806 1626 et
850 1584 1023 1637 sagittis
1066 1585 1108 1625 et
1151 1597 1280 1636 super
1323 1583 1440 1636 ipsos
1482 1582 1708 1624 hutesium
1750 1584 1985 1632 leuassent,
2019 1583 2171 1624 villata
2209 1582 2261 1624 de

532 1654 760 1696 Wadenho
782 1653 923 1695 noluit
955 1653 1102 1696 venire
1134 1667 1212 1694 nec
1246 1653 1367 1706 sequi
1399 1652 1624 1694 hutesium
1642 1667 1651 1701 ;
1686 1651 1782 1694 ideo
1805 1652 1878 1706 qui
1909 1654 2133 1706 presentes
2157 1654 2262 1693 sunt

534 1725 584 1766 de
609 1724 761 1765 eadem
784 1723 885 1765 villa
909 1723 1248 1765 committuntur
1280 1723 1468 1776 prisone,
1493 1725 1535 1764 et
1568 1724 1662 1763 tota
1693 1722 1844 1764 villata
1867 1722 1912 1762 in
1936 1722 2061 1776 graui
2093 1722 2260 1763 miseri-

533 1793 695 1835 cordia.
758 1792 996 1846 Inquisicio
1032 1792 1115 1834 fuit
1150 1793 1266 1834 facta
1301 1791 1351 1833 de
1395 1791 1521 1833 dictis
1564 1791 1920 1833 malefactoribus
1963 1805 2039 1845 per
2074 1793 2261 1845 quatuor

533 1862 865 1917 propinquiores
895 1862 1084 1912 villatas,
1114 1861 1404 1911 Audewincle,
1439 1861 1680 1910 Wadenho,
1705 1861 1932 1915 Pylketon’
1956 1865 1998 1903 et
2020 1861 2261 1915 Lyueden’,

534 1946 617 1986 que
639 1932 774 1973 nichil
800 1932 900 1973 inde
933 1931 1153 1985 inquirere
1185 1933 1454 1984 potuerunt;
1490 1934 1530 1972 et
1566 1930 1668 1984 quia
1700 1944 1788 1972 non
1820 1933 2036 1972 venerunt
2068 1930 2262 1984 plenarie

533 2003 587 2044 ad
609 2002 935 2055 inquirendum,
960 2001 1055 2042 ideo
1077 2001 1122 2042 in
1146 2000 1457 2042 misericordia.
1502 2001 1562 2041 Et
1586 2002 1797 2041 testatum
1821 2003 1885 2041 est
1904 2000 2019 2053 quod
2033 1999 2262 2042 Wadenho

532 2072 711 2114 veniens
734 2072 788 2113 ad
810 2071 1136 2125 inquirendum,
1159 2070 1300 2111 noluit
1322 2069 1583 2123 respondere
1606 2069 1660 2111 ad
1683 2069 1875 2122 aliquam
1898 2069 2230 2122 inquisicionem
2250 2084 2260 2118 3

534 2140 630 2183 ideo
653 2141 698 2182 in
721 2140 1019 2182 misericordia
1042 2142 1090 2181 ut
1112 2140 1248 2193 prius.
1310 2140 1370 2180 Et
1394 2139 1495 2193 quia
1518 2138 1623 2180 dicti
1652 2139 1955 2180 malefactores
1977 2140 2262 2192 perrexerunt

536 2211 591 2253 ad
613 2210 803 2264 loggiam
827 2210 1056 2251 cuiusdam
1079 2209 1286 2251 Willelmi
1318 2209 1397 2250 filii
1419 2209 1625 2251 Willelmi
1647 2208 1685 2250 le
1708 2209 1874 2250 Messer
1898 2209 1949 2250 de
1972 2208 2199 2250 Wadenho
2221 2209 2263 2248 et

536 2280 673 2322 nichil
704 2280 805 2321 inde
837 2279 975 2321 voluit
1008 2279 1175 2328 dicere3
1210 2278 1306 2320 ideo
1338 2278 1510 2320 inuenit
1543 2277 1707 2332 plegios
1739 2278 1943 2319 veniendi
1967 2291 2114 2319 coram
2136 2277 2261 2318 iusti-

537 2349 695 2391 ciariis.
757 2349 817 2391 Et
853 2349 980 2390 modo
1022 2363 1112 2390 non
1145 2348 1277 2398 venit,
1321 2348 1417 2390 ideo
1454 2348 1585 2402 plegii
1622 2347 1668 2388 in
1703 2347 2017 2397 misericordia,
2048 2347 2262 2395 videlicet,

536 2419 754 2460 Robertus
796 2418 1011 2460 Neubond
1053 2420 1096 2459 et
1137 2417 1355 2459 Robertus
1401 2417 1639 2460 Stannard’
1677 2416 1729 2458 de
1760 2416 2003 2459 Wadenho.
2064 2416 2125 2458 Et
2166 2429 2263 2470 pre-

537 2491 712 2542 ceptum
755 2490 819 2529 est
861 2487 1106 2529 vicecomiti
1147 2487 1261 2541 quod
1303 2486 1450 2528 venire
1487 2486 1619 2528 faciat
1664 2488 1744 2528 etc.
1784 2485 1950 2527 dictum
1982 2486 2263 2528 Willelmum.

537 2559 695 2599 Postea
717 2558 835 2599 venit
858 2557 1100 2599 Willelmus
1124 2560 1165 2598 et
1188 2556 1425 2610 requisitus
1449 2555 1523 2609 qui
1545 2558 1690 2597 essent
1713 2555 1818 2596 dicti
1849 2555 2165 2605 malefactores,
2190 2554 2264 2608 qui

538 2627 642 2668 dicit
665 2627 780 2681 quod
811 2626 950 2668 nescit
972 2628 1014 2667 et
1037 2628 1293 2680 preceptum
1316 2628 1380 2667 est
1403 2625 1517 2679 quod
1540 2625 1827 2666 custodiatur.

627 2697 937 2737 Presentatum
970 2697 1035 2736 est
1067 2698 1108 2736 et
1141 2694 1389 2736 convictum
1421 2708 1497 2748 per
1529 2694 1781 2736 forestarios
1814 2695 1856 2736 et
1887 2693 2117 2736 viridarios
2149 2693 2263 2747 quod

539 2765 607 2807 die
624 2767 638 2788 ⁵
665 2765 845 2808 Sabbati
866 2764 1063 2818 proxima
1085 2766 1183 2818 post
1206 2764 1366 2805 festum
1390 2763 1532 2805 sancti
1558 2763 1760 2817 Dyonisii
1782 2777 1898 2804 anno
1920 2763 2125 2805 vicesimo
2146 2777 2263 2804 nono

540 2835 718 2889 quidam
736 2847 887 2875 coerus
909 2847 1141 2887 percussus
1164 2833 1247 2874 fuit
1279 2833 1470 2886 quadam
1501 2832 1661 2885 sagitta
1692 2832 1739 2873 in
1770 2846 1900 2886 parco
1933 2832 1984 2873 de
2015 2832 2262 2882 Bricstok’;

540 2907 583 2946 et
605 2908 694 2945 tres
716 2903 916 2944 homines
939 2902 1019 2944 visi
1042 2903 1220 2944 fuerunt
1253 2906 1482 2955 sequentes
1515 2902 1681 2943 dictum
1704 2915 1893 2943 coerum.
1954 2902 2015 2943 Et
2048 2901 2265 2943 forestarii

540 2988 629 3015 non
664 2972 760 3014 ausi
791 2972 969 3013 fuerunt
1002 2972 1242 3013 exclamare
1275 2972 1412 3012 dictos
1443 2972 1759 3013 malefactores.
1821 2971 1881 3013 Et
1914 2971 2017 3012 dicti
2049 2971 2265 3013 forestarii

540 3046 694 3086 euntes
717 3045 758 3084 et
782 3044 1011 3096 querentes
1033 3041 1242 3083 auxilium
1265 3043 1320 3090 et,
1344 3041 1517 3095 quando
1540 3040 1777 3091 redierunt,
1801 3041 2067 3083 inuenerunt
2098 3040 2264 3082 dictum

630 3143 637 3161 ¹
663 3144 783 3174 Forest
800 3141 1034 3183 Promecffnqs,
1056 3142 1226 3181 Treaszcrgs
1242 3141 1280 3180 of
1294 3140 1441 3180 Receipz‘,
1460 3140 1522 3172 No.
1542 3141 1593 3172 68.
1721 3141 1733 3158 ²
1756 3139 1894 3180 Friday,
1912 3141 1953 3171 25
1971 3140 2060 3171 June
2079 3140 2174 3171 1255.

783 3187 794 3204 ³
817 3186 894 3217 Roll
912 3188 940 3216 3.
1164 3186 1175 3202 ⁴
1198 3188 1331 3224 August
1350 3186 1444 3215 1245.
1667 3186 1678 3203 ⁵
1704 3185 1744 3215 14
1763 3184 1907 3215 October
1922 3185 2016 3215 1245.
