2421 3529
473 204 498 247 8
725 211 1036 245 SELEC'HONS
1072 210 1211 244 FROM
1247 209 1349 244 THE
1386 209 1577 244 FOREST
1614 208 1750 243 EYRE
1787 209 1948 244 ROLLs

1291 479 1390 520 111.ἱ

466 607 716 649 PLACITA
757 604 1029 648 FORESTE
1075 604 1232 646 APUD
1286 603 1711 646 SALOPESBURY
1763 604 1900 645 D1E2
1954 604 2200 647 SABBATI

556 682 823 724 PROXIMA
846 681 988 723 POST
1014 680 1257 721 MEDIAM
1280 678 1802 731 QUADRAGESIMAM
1832 680 1989 721 ANNO
2012 680 2200 723 REGNI

555 746 751 800 REGIS
780 756 1065 798 IOHANNIS
1109 754 1338 797 DECIMO
1383 753 1583 796 CORAM
1625 753 1684 794 H.
1718 753 1796 794 DE
1843 754 2079 796 NEUILL’
2122 756 2198 797 ΕΤ

557 831 604 872 Ρ.
640 831 718 871 DE
754 830 1070 872 LEONIBUS.

554 965 742 1017 Quidam
760 977 916 1005 ceruus
931 961 1118 1004 intrauit
1133 962 1179 1003 in
1197 961 1361 1003 balliua
1379 959 1547 1002 castelli
1570 960 1621 1002 de
1639 959 1808 1013 Bruges
1822 973 1899 1013 per
1916 962 2170 1013 posternam
2189 976 2197 1010 ;

464 1037 506 1077 et
529 1032 760 1076 castellani
782 1032 832 1074 de
859 1032 1028 1085 Bruges
1062 1045 1161 1072 60111
1194 1032 1405 1084 ceperunt
1438 1032 1480 1071 et
1519 1029 1717 1071 tulerunt
1750 1028 1804 1070 ad
1834 1029 2077 1071 castellum.
2139 1030 2200 1072 Et

464 1103 661 1146 viridarii
692 1103 773 1144 hoc
809 1101 1038 1144 audientes
1077 1101 1178 1143 illuc
1214 1101 1430 1142 venerunt
1465 1101 1508 1141 et
1542 1099 1931 1152 interrogauerunt
1955 1113 1981 1141 a
2003 1099 2201 1141 Thoma³

465 1174 517 1215 de
559 1172 792 1214 Ardinton’
837 1173 943 1212 tunc
976 1170 1230 1212 vicecomite
1268 1169 1371 1223 quid
1414 1168 1588 1210 fecisset
1622 1168 1674 1209 de
1706 1182 1835 1210 ceruo
1877 1168 1965 1210 1110.
2028 1168 2088 1211 Ε1
2130 1169 2201 1212 1116

465 1241 719 1296 recognouit
741 1241 854 1295 quod
887 1240 947 1282 ita
974 1239 1071 1289 fuit,
1097 1242 1138 1281 et
1171 1237 1425 1291 manucepit
1457 1237 1659 1279 homines
1693 1251 1794 1278 suos
1816 1236 2020 1278 veniendi
2052 1251 2200 1279 coram

464 1311 719 1354 iusticiariis
737 1313 802 1352 etc
823 1325 831 1359 ;
858 1309 1021 1351 scilicet
1044 1309 1275 1350 Matheum
1290 1306 1668 1349 constabularium
1691 1307 1913 1360 Rogerum
1929 1307 1980 1348 de
1999 1307 2200 1361 Fugeriis

465 1385 507 1424 et
549 1381 788 1424 Ricardum
832 1380 883 1421 de
925 1379 1141 1421 Bromwic
1184 1380 1226 1420 et
1269 1378 1514 1419 Robertum
1557 1376 1810 1418 Portarium
1849 1378 1891 1418 61
1938 1377 2199 1419 Walranum

465 1453 647 1493 fratrem
671 1449 840 1492 Mathei
861 1465 869 1498 ;
905 1452 946 1490 61
970 1462 1059 1490 11011
1082 1447 1240 1489 habuit
1264 1460 1336 1488 eos
1359 1459 1509 1487 coram
1532 1444 1803 1486 106110161116.
1867 1444 2089 1486 Iudicium
2112 1447 2194 1487 610.

553 1521 715 1562 Villata
738 1519 789 1561 de
812 1520 982 1572 Bruges
1005 1516 1252 1560 attachiata
1275 1515 1358 1558 fuit
1381 1529 1458 1569 pro
1481 1514 1632 1556 eodem
1656 1528 1799 1556 06100.

553 1589 768 1631 Ricardus
812 1588 863 1629 de
906 1587 1154 1629 Prestwode
1196 1586 1413 1627 itinerans
1448 1598 1524 1638 per
1572 1583 1783 1625 balliuam
1821 1597 1947 1625 suam
1991 1584 2042 1626 de
2085 1584 2203 1626 Mors

467 1660 731 1714 sequebatur
764 1656 1098 1704 duoshomines
1131 1669 1356 1709 quousque
1388 1653 1561 1695 inuenit
1589 1666 1660 1694 eos
1694 1652 1858 1694 scilicet
1890 1653 2124 1707 Hugonem
2148 1654 2199 1695 de

465 1730 712 1783 Bectebury
735 1730 777 1770 et
801 1728 1018 1769 Thomam
1034 1727 1217 1767 fratrem
1242 1723 1335 1765 eius
1356 1738 1365 1773 ;
1390 1725 1432 1764 61
1455 1722 1678 1764 habebant
1702 1723 1790 1763 tres
1817 1722 2056 1776 leporarios
2078 1724 2200 1765 extra

465 1800 626 1841 lessam
649 1800 691 1839 61
714 1797 907 1851 quinque
929 1796 1112 1848 lepores.
1174 1794 1235 1834 Et
1258 1807 1357 1834 cuin
1381 1791 1473 1845 ipse
1495 1791 1711 1832 Ricardus
1744 1790 1930 1844 cepisset
1951 1791 2199 1845 predictum

464 1869 715 1922 Hugonem,
738 1865 961 1920 predictus
986 1864 1177 1906 Thomas
1202 1863 1336 1904 frater
1359 1861 1452 1902 eius
1476 1862 1669 1902 extracto
1686 1860 1830 1914 gladio
1854 1874 1955 1902 eum
1978 1860 2199 1912 liberauit,

465 1939 507 1978 61
540 1937 809 1989 fugauerunt
849 1934 978 1975 ambo
1011 1935 1054 1975 61
1098 1932 1214 1973 idem
1247 1930 1462 1972 Ricardus
1496 1929 1648 1971 statim
1681 1929 1848 1972 leuauit
1872 1930 2122 1980 clamorem,
2156 1933 2199 1972 61

466 2006 729 2060 sequebatur
754 2018 826 2046 eos
849 2004 986 2046 donec
1009 2016 1093 2044 nox
1117 2001 1171 2042 ab
1194 2015 1243 2043 60
1266 2000 1362 2041 11106
1386 1999 1570 2041 611610111
1593 2001 1676 2040 610.

553 2076 770 2117 Robertus
812 2074 995 2115 venator
1035 2071 1216 2113 Roberti
1271 2069 1428 2111 Corbet
1484 2070 1525 2109 et
1572 2068 1790 2109 Robertus
1840 2067 1957 2109 filius
2004 2068 2199 2110 eiusdem

465 2145 644 2187 Roberti
667 2144 824 2187 Corbet
847 2143 1059 2196 ceperunt
1082 2153 1217 2182 vnum
1242 2152 1422 2180 ceruum
1447 2137 1527 2179 sub
1546 2137 1650 2179 villa
1673 2137 1724 2179 de
1750 2137 1966 2180 Stratton’
1983 2138 2057 2179 ubi
2079 2138 2199 2180 venit

466 2215 659 2268 Codigan
698 2213 894 2256 seruiens
925 2209 1193 2253 vicecomitis
1231 2208 1301 2250 cui
1344 2207 1559 2249 dederunt
1591 2221 1723 2249 vnam
1762 2206 1957 2261 quissam
1991 2209 2033 2249 et
2065 2221 2198 2249 vnam

466 2286 633 2326 costam
669 2283 724 2325 ad
760 2281 1029 2337 portandum
1064 2293 1163 2321 cum
1187 2292 1236 2319 eo
1273 2277 1391 2331 apud
1429 2276 1689 2318 Rintheton.
1751 2277 1812 2319 Et
1835 2276 1968 2318 aliam
2003 2276 2198 2330 quissam

466 2354 680 2395 dederunt
705 2351 982 2394 Codwellan’.
1046 2350 1168 2390 Tunc
1202 2346 1454 2401 supervenit
1487 2346 1703 2388 Radulfus
1728 2345 1985 2388 forestarius
2017 2345 2200 2388 Walteri

467 2424 519 2465 de
541 2423 786 2472 Muneton’‚
813 2423 854 2463 61
878 2419 991 2474 cepit
1023 2418 1271 2472 predictum
1294 2416 1537 2457 Robertum
1560 2417 1815 2458 venatorem
1839 2417 1880 2457 et
1914 2415 2022 2457 duos
2054 2428 2199 2456 canes.

466 2493 684 2535 Robertus
707 2491 823 2532 filius
846 2488 1026 2531 Roberti
1050 2487 1178 2541 fugiit
1202 2500 1302 2528 cum
1326 2484 1467 2539 capite
1491 2484 1608 2526 cerui
1631 2487 1673 2526 et
1696 2485 1834 2526 furcio
1857 2488 1899 2526 et
1922 2498 2058 2526 cornu
2081 2483 2199 2525 cerui

466 2565 509 2604 et
532 2576 664 2603 Vnam
688 2561 739 2602 de
772 2559 902 2601 costis
920 2574 929 2609 ;
965 2560 1007 2600 et
1040 2557 1137 2598 illos
1170 2555 1352 2598 tradidit
1384 2554 1565 2608 Hugoni
1597 2554 1686 2595 filio
1718 2554 1898 2596 Roberti
1930 2554 2004 2608 qui
2033 2552 2198 2595 dimisit

467 2631 712 2685 predictum
746 2630 987 2671 Robertum
1020 2629 1062 2668 et
1095 2639 1224 2668 canes
1247 2628 1289 2666 et
1311 2623 1595 2666 venacionem
1630 2623 1937 2666 custodiendos
1968 2636 2044 2677 per
2066 2622 2198 2664 breue

468 2699 670 2754 Hugonis
689 2700 739 2741 de
755 2698 910 2739 Neuill'
933 2710 1069 2749 usque
1093 2695 1148 2736 ad
1170 2694 1331 2748 placita
1347 2693 1521 2735 foreste.
1572 2693 1786 2736 Custodes
1800 2694 1813 2715 ‘¹
1831 2691 2010 2734 Roberti
2027 2691 2197 2740 Corbet‚

467 2770 664 2822 Rogerus
688 2767 888 2815 Purcell’,
917 2765 1134 2806 Robertus
1157 2764 1209 2804 de
1232 2762 1496 2812 Hanewode,
1531 2762 1662 2815 Hugo
1691 2762 1871 2811 Mersse,
1896 2761 2113 2803 Robertus
2146 2759 2198 2801 de

514 2893 521 2910 ¹
548 2893 671 2923 Fores&
696 2888 933 2928 Procecdinqs,
962 2888 1135 2926 Treasm'y
1168 2887 1205 2927 of
1233 2886 1295 2916 Re.
1367 2884 1426 2916 the
1452 2885 1607 2916 counties
1635 2886 1669 2916 of
1697 2885 1846 2917 Stafford
1879 2884 1947 2916 and
1974 2884 2077 2923 Salop
2108 2884 2196 2914 from

469 2937 566 2977 ceipt,
586 2936 648 2966 No.
668 2935 740 2964 144.
766 2932 852 2964 This
870 2932 942 2963 also
960 2931 989 2962 is
1007 2932 1094 2962 from
1113 2940 1156 2961 an
1174 2928 1298 2961 official
1369 2928 1595 2961 Michaehnas
1623 2930 1707 2961 1204
1736 2932 1771 2961 to
1798 2931 1837 2960 13
1863 2928 1959 2969 April
1990 2929 2086 2959 1216.
2134 2928 2195 2960 See

469 2979 656 3019 transcript
681 2977 781 3009 made
806 2975 953 3008 towards
979 2974 1037 3006 the
1062 2974 1153 3006 close
1179 2974 1213 3005 of
1241 2973 1299 3005 the
1369 2973 1450 3004 List
1467 2973 1504 3012 of
1519 2973 1676 3014 Slzerz'ffs,
1694 2983 1727 3013 p.
1746 2975 1819 3005 117.

468 3023 661 3055 thirteenth
679 3025 832 3061 century.
1413 3019 1423 3035 ⁴
1448 3017 1521 3047 The
1570 3017 1660 3048 word
1701 3016 1921 3049 ‘uenatoris’
1962 3016 1992 3047 is
2031 3014 2196 3055 probably

515 3070 526 3085 '³
552 3068 591 3097 14
609 3066 728 3097 March
750 3064 840 3105 1205.
1368 3060 1512 3092 omitted
1531 3060 1621 3092 here.

516 3113 526 3128 ³
551 3111 701 3141 Thomas
732 3111 764 3140 of
793 3107 984 3146 Ardington
1014 3116 1081 3138 was
1107 3105 1226 3137 sheriff
1266 3105 1299 3136 of
