<?xml version="1.0" encoding="UTF-8"?>
<!DOCTYPE html PUBLIC "-//W3C//DTD XHTML 1.0 Transitional//EN"
    "http://www.w3.org/TR/xhtml1/DTD/xhtml1-transitional.dtd">
<html xmlns="http://www.w3.org/1999/xhtml" xml:lang="en" lang="en">
 <head>
  <title>
</title>
<meta http-equiv="Content-Type" content="text/html;charset=utf-8" />
  <meta name='ocr-system' content='tesseract 3.04.00' />
  <meta name='ocr-capabilities' content='ocr_page ocr_carea ocr_par ocr_line ocrx_word'/>
</head>
<body>
  <div class='ocr_page' id='page_1' title='image "./selectpleasoffor00grearich_0338.png"; bbox 0 0 2421 3529; ppageno 0'>
   <div class='ocr_carea' id='block_1_1' title="bbox 459 280 1715 332">
    <p class='ocr_par' dir='ltr' id='par_1_1' title="bbox 459 280 1715 332">
     <span class='ocr_line' id='line_1_1' title="bbox 459 280 1715 332; baseline 0.001 -8"><span class='ocrx_word' id='word_1_1' title='bbox 459 281 485 324; x_wconf 75' lang='lat'><strong>9</strong></span> <span class='ocrx_word' id='word_1_2' title='bbox 493 280 518 325; x_wconf 78' lang='grc'><em>5</em></span> <span class='ocrx_word' id='word_1_3' title='bbox 914 290 1101 324; x_wconf 73' lang='lat' dir='ltr'>SELECT</span> <span class='ocrx_word' id='word_1_4' title='bbox 1136 290 1327 324; x_wconf 71' lang='lat' dir='ltr'>FOREST</span> <span class='ocrx_word' id='word_1_5' title='bbox 1364 290 1715 332; x_wconf 74' lang='lat' dir='ltr'>INQUISITIONS</span> 
     </span>
    </p>
   </div>
   <div class='ocr_carea' id='block_1_2' title="bbox 453 400 2180 929">
    <p class='ocr_par' dir='ltr' id='par_1_2' title="bbox 455 400 2179 514">
     <span class='ocr_line' id='line_1_2' title="bbox 455 400 2179 457; baseline 0.001 -13"><span class='ocrx_word' id='word_1_6' title='bbox 455 403 578 445; x_wconf 90' lang='lat' dir='ltr'>Dene</span> <span class='ocrx_word' id='word_1_7' title='bbox 614 406 663 445; x_wconf 87' lang='lat' dir='ltr'>ut</span> <span class='ocrx_word' id='word_1_8' title='bbox 696 403 990 457; x_wconf 67' lang='lat' dir='ltr'>respondeam</span> <span class='ocrx_word' id='word_1_9' title='bbox 1032 402 1084 445; x_wconf 91' lang='lat' dir='ltr'>de</span> <span class='ocrx_word' id='word_1_10' title='bbox 1125 402 1269 457; x_wconf 90' lang='lat' dir='ltr'>precio</span> <span class='ocrx_word' id='word_1_11' title='bbox 1311 417 1457 445; x_wconf 86' lang='lat' dir='ltr'>coram</span> <span class='ocrx_word' id='word_1_12' title='bbox 1492 403 1746 446; x_wconf 86' lang='lat' dir='ltr'>iusticiariis</span> <span class='ocrx_word' id='word_1_13' title='bbox 1783 400 2094 445; x_wconf 87' lang='lat' dir='ltr'>itinerantibus</span> <span class='ocrx_word' id='word_1_14' title='bbox 2128 403 2179 445; x_wconf 89' lang='lat' dir='ltr'>de</span> 
     </span>
     <span class='ocr_line' id='line_1_3' title="bbox 455 473 632 514; baseline 0 -1"><span class='ocrx_word' id='word_1_15' title='bbox 455 473 632 514; x_wconf 83' lang='lat' dir='ltr'>foresta.</span> 
     </span>
    </p>

    <p class='ocr_par' dir='ltr' id='par_1_3' title="bbox 454 541 2180 653">
     <span class='ocr_line' id='line_1_4' title="bbox 543 541 2180 596; baseline -0.001 -12"><span class='ocrx_word' id='word_1_16' title='bbox 543 542 685 585; x_wconf 82' lang='lat' dir='ltr'>Corda</span> <span class='ocrx_word' id='word_1_17' title='bbox 707 543 847 583; x_wconf 84' lang='lat' dir='ltr'>fracta-</span> <span class='ocrx_word' id='word_1_18' title='bbox 864 544 906 583; x_wconf 87' lang='lat' dir='ltr'>et</span> <span class='ocrx_word' id='word_1_19' title='bbox 929 541 1049 595; x_wconf 87' lang='lat' dir='ltr'>cleya</span> <span class='ocrx_word' id='word_1_20' title='bbox 1067 541 1118 582; x_wconf 91' lang='lat' dir='ltr'>de</span> <span class='ocrx_word' id='word_1_21' title='bbox 1141 543 1299 595; x_wconf 85' lang='lat' dir='ltr'>trappa</span> <span class='ocrx_word' id='word_1_22' title='bbox 1316 541 1546 585; x_wconf 79' lang='lat' dir='ltr'>commisse</span> <span class='ocrx_word' id='word_1_23' title='bbox 1565 543 1745 584; x_wconf 80' lang='lat' dir='ltr'>fuerunt</span> <span class='ocrx_word' id='word_1_24' title='bbox 1762 542 1968 596; x_wconf 86' lang='lat' dir='ltr'>predictis</span> <span class='ocrx_word' id='word_1_25' title='bbox 1992 544 2180 596; x_wconf 89' lang='lat' dir='ltr'>quatuor</span> 
     </span>
     <span class='ocr_line' id='line_1_5' title="bbox 454 610 1510 653; baseline 0 -1"><span class='ocrx_word' id='word_1_26' title='bbox 454 611 707 652; x_wconf 89' lang='lat' dir='ltr'>hominibus</span> <span class='ocrx_word' id='word_1_27' title='bbox 730 611 784 652; x_wconf 88' lang='lat' dir='ltr'>ad</span> <span class='ocrx_word' id='word_1_28' title='bbox 807 611 1047 652; x_wconf 87' lang='lat' dir='ltr'>tenendum</span> <span class='ocrx_word' id='word_1_29' title='bbox 1070 624 1217 652; x_wconf 86' lang='lat' dir='ltr'>coram</span> <span class='ocrx_word' id='word_1_30' title='bbox 1240 610 1510 653; x_wconf 87' lang='lat' dir='ltr'>iusticiariis.</span> 
     </span>
    </p>

    <p class='ocr_par' dir='ltr' id='par_1_4' title="bbox 453 678 2178 799">
     <span class='ocr_line' id='line_1_6' title="bbox 542 678 2178 732; baseline -0.001 -11"><span class='ocrx_word' id='word_1_31' title='bbox 542 680 638 721; x_wconf 92' lang='lat' dir='ltr'>Due</span> <span class='ocrx_word' id='word_1_32' title='bbox 681 679 839 732; x_wconf 86' lang='lat' dir='ltr'>sagitte</span> <span class='ocrx_word' id='word_1_33' title='bbox 881 679 1017 720; x_wconf 86' lang='lat' dir='ltr'>fracte</span> <span class='ocrx_word' id='word_1_34' title='bbox 1069 678 1300 720; x_wconf 80' lang='lat' dir='ltr'>commisse</span> <span class='ocrx_word' id='word_1_35' title='bbox 1344 680 1522 721; x_wconf 86' lang='lat' dir='ltr'>fuerunt</span> <span class='ocrx_word' id='word_1_36' title='bbox 1563 679 1751 721; x_wconf 88' lang='lat' dir='ltr'>Ricardo</span> <span class='ocrx_word' id='word_1_37' title='bbox 1793 679 1846 721; x_wconf 90' lang='lat' dir='ltr'>de</span> <span class='ocrx_word' id='word_1_38' title='bbox 1887 678 2178 729; x_wconf 86' lang='lat' dir='ltr'>Audewincle,</span> 
     </span>
     <span class='ocr_line' id='line_1_7' title="bbox 453 747 1480 799; baseline 0 -9"><span class='ocrx_word' id='word_1_39' title='bbox 453 748 674 799; x_wconf 88' lang='lat' dir='ltr'>viridario,</span> <span class='ocrx_word' id='word_1_40' title='bbox 699 748 753 790; x_wconf 90' lang='lat' dir='ltr'>ad</span> <span class='ocrx_word' id='word_1_41' title='bbox 776 748 1017 789; x_wconf 91' lang='lat' dir='ltr'>tenendum</span> <span class='ocrx_word' id='word_1_42' title='bbox 1041 762 1187 790; x_wconf 84' lang='lat' dir='ltr'>coram</span> <span class='ocrx_word' id='word_1_43' title='bbox 1210 747 1480 790; x_wconf 89' lang='lat' dir='ltr'>iusticiariis.</span> 
     </span>
    </p>

    <p class='ocr_par' dir='ltr' id='par_1_5' title="bbox 454 817 2180 929">
     <span class='ocr_line' id='line_1_8' title="bbox 541 817 2180 871; baseline 0.001 -13"><span class='ocrx_word' id='word_1_44' title='bbox 541 817 644 859; x_wconf 85' lang='lat' dir='ltr'>Peia</span> <span class='ocrx_word' id='word_1_45' title='bbox 667 817 718 858; x_wconf 89' lang='lat' dir='ltr'>de</span> <span class='ocrx_word' id='word_1_46' title='bbox 740 819 897 871; x_wconf 85' lang='lat' dir='ltr'>trappa</span> <span class='ocrx_word' id='word_1_47' title='bbox 919 817 1103 859; x_wconf 87' lang='lat' dir='ltr'>inuenta</span> <span class='ocrx_word' id='word_1_48' title='bbox 1124 817 1170 858; x_wconf 90' lang='lat' dir='ltr'>in</span> <span class='ocrx_word' id='word_1_49' title='bbox 1202 817 1331 859; x_wconf 86' lang='lat' dir='ltr'>bosco</span> <span class='ocrx_word' id='word_1_50' title='bbox 1352 817 1534 859; x_wconf 88' lang='lat' dir='ltr'>tendata</span> <span class='ocrx_word' id='word_1_51' title='bbox 1556 831 1656 859; x_wconf 90' lang='lat' dir='ltr'>cum</span> <span class='ocrx_word' id='word_1_52' title='bbox 1679 819 1772 859; x_wconf 86' lang='lat' dir='ltr'>tota</span> <span class='ocrx_word' id='word_1_53' title='bbox 1795 817 1924 859; x_wconf 88' lang='lat' dir='ltr'>corda</span> <span class='ocrx_word' id='word_1_54' title='bbox 1946 817 2180 859; x_wconf 85' lang='lat' dir='ltr'>commissa</span> 
     </span>
     <span class='ocr_line' id='line_1_9' title="bbox 454 886 2160 929; baseline -0.001 -1"><span class='ocrx_word' id='word_1_55' title='bbox 454 887 536 929; x_wconf 85' lang='lat' dir='ltr'>fuit</span> <span class='ocrx_word' id='word_1_56' title='bbox 559 887 772 928; x_wconf 79' lang='lat' dir='ltr'><strong>Mauricio</strong></span> <span class='ocrx_word' id='word_1_57' title='bbox 796 887 847 928; x_wconf 88' lang='lat' dir='ltr'>de</span> <span class='ocrx_word' id='word_1_58' title='bbox 873 886 1040 929; x_wconf 82' lang='lat' dir='ltr'>Solario</span> <span class='ocrx_word' id='word_1_59' title='bbox 1062 887 1113 928; x_wconf 88' lang='lat' dir='ltr'>de</span> <span class='ocrx_word' id='word_1_60' title='bbox 1137 886 1355 928; x_wconf 81' lang='lat' dir='ltr'>Brixstok&#39;</span> <span class='ocrx_word' id='word_1_61' title='bbox 1380 887 1434 929; x_wconf 83' lang='lat' dir='ltr'>ad</span> <span class='ocrx_word' id='word_1_62' title='bbox 1458 887 1697 929; x_wconf 88' lang='lat' dir='ltr'>tenendum</span> <span class='ocrx_word' id='word_1_63' title='bbox 1721 900 1867 928; x_wconf 87' lang='lat' dir='ltr'>coram</span> <span class='ocrx_word' id='word_1_64' title='bbox 1891 886 2160 929; x_wconf 88' lang='lat' dir='ltr'>iusticiariis.</span> 
     </span>
    </p>
   </div>
   <div class='ocr_carea' id='block_1_3' title="bbox 456 1106 2185 1713">
    <p class='ocr_par' dir='ltr' id='par_1_6' title="bbox 456 1106 2183 1298">
     <span class='ocr_line' id='line_1_10' title="bbox 547 1106 2183 1161; baseline 0 -14"><span class='ocrx_word' id='word_1_65' title='bbox 547 1106 628 1147; x_wconf 85' lang='lat' dir='ltr'>Per</span> <span class='ocrx_word' id='word_1_66' title='bbox 657 1106 814 1156; x_wconf 83' lang='lat' dir='ltr'>breue3</span> <span class='ocrx_word' id='word_1_67' title='bbox 834 1106 844 1129; x_wconf 88' lang='lat'>¹</span> <span class='ocrx_word' id='word_1_68' title='bbox 881 1109 1067 1160; x_wconf 83' lang='lat' dir='ltr'>quatuor</span> <span class='ocrx_word' id='word_1_69' title='bbox 1098 1107 1266 1148; x_wconf 86' lang='lat' dir='ltr'>damas.</span> <span class='ocrx_word' id='word_1_70' title='bbox 1338 1106 1603 1148; x_wconf 86' lang='lat' dir='ltr'>Edmundus</span> <span class='ocrx_word' id='word_1_71' title='bbox 1636 1106 1688 1148; x_wconf 90' lang='lat' dir='ltr'>de</span> <span class='ocrx_word' id='word_1_72' title='bbox 1723 1107 1865 1161; x_wconf 89' lang='lat' dir='ltr'>Lascy</span> <span class='ocrx_word' id='word_1_73' title='bbox 1900 1106 2013 1160; x_wconf 88' lang='lat' dir='ltr'>cepit</span> <span class='ocrx_word' id='word_1_74' title='bbox 2047 1119 2183 1148; x_wconf 82' lang='lat' dir='ltr'>vnam</span> 
     </span>
     <span class='ocr_line' id='line_1_11' title="bbox 457 1174 2183 1218; baseline -0.001 -2"><span class='ocrx_word' id='word_1_75' title='bbox 457 1175 634 1217; x_wconf 86' lang='lat' dir='ltr'>damam</span> <span class='ocrx_word' id='word_1_76' title='bbox 656 1176 702 1217; x_wconf 93' lang='lat' dir='ltr'>in</span> <span class='ocrx_word' id='word_1_77' title='bbox 724 1176 889 1217; x_wconf 86' lang='lat' dir='ltr'>balliua</span> <span class='ocrx_word' id='word_1_78' title='bbox 922 1176 973 1217; x_wconf 90' lang='lat' dir='ltr'>de</span> <span class='ocrx_word' id='word_1_79' title='bbox 1009 1175 1138 1218; x_wconf 83' lang='lat' dir='ltr'>firma</span> <span class='ocrx_word' id='word_1_80' title='bbox 1176 1176 1226 1216; x_wconf 91' lang='lat' dir='ltr'>de</span> <span class='ocrx_word' id='word_1_81' title='bbox 1261 1175 1477 1217; x_wconf 79' lang='lat' dir='ltr'>Brixstok’</span> <span class='ocrx_word' id='word_1_82' title='bbox 1514 1175 1559 1216; x_wconf 89' lang='lat' dir='ltr'>in</span> <span class='ocrx_word' id='word_1_83' title='bbox 1597 1175 1790 1218; x_wconf 87' lang='lat' dir='ltr'>crastino</span> <span class='ocrx_word' id='word_1_84' title='bbox 1805 1176 1819 1198; x_wconf 79' lang='lat'><strong>²</strong></span> <span class='ocrx_word' id='word_1_85' title='bbox 1853 1174 2183 1217; x_wconf 88' lang='lat' dir='ltr'>Purificacionis</span> 
     </span>
     <span class='ocr_line' id='line_1_12' title="bbox 456 1245 1605 1298; baseline 0 -13"><span class='ocrx_word' id='word_1_86' title='bbox 456 1245 580 1287; x_wconf 87' lang='lat' dir='ltr'>beate</span> <span class='ocrx_word' id='word_1_87' title='bbox 603 1245 742 1287; x_wconf 88' lang='lat' dir='ltr'>Marie</span> <span class='ocrx_word' id='word_1_88' title='bbox 763 1260 880 1287; x_wconf 88' lang='lat' dir='ltr'>anno</span> <span class='ocrx_word' id='word_1_89' title='bbox 903 1245 1055 1287; x_wconf 88' lang='lat' dir='ltr'>eodem</span> <span class='ocrx_word' id='word_1_90' title='bbox 1079 1245 1130 1286; x_wconf 91' lang='lat' dir='ltr'>de</span> <span class='ocrx_word' id='word_1_91' title='bbox 1154 1245 1267 1287; x_wconf 91' lang='lat' dir='ltr'>dono</span> <span class='ocrx_word' id='word_1_92' title='bbox 1289 1245 1456 1286; x_wconf 88' lang='lat' dir='ltr'>domini</span> <span class='ocrx_word' id='word_1_93' title='bbox 1479 1245 1605 1298; x_wconf 87' lang='lat' dir='ltr'>regis.</span> 
     </span>
    </p>

    <p class='ocr_par' dir='ltr' id='par_1_7' title="bbox 456 1313 2182 1437">
     <span class='ocr_line' id='line_1_13' title="bbox 547 1313 2182 1368; baseline -0.001 -13"><span class='ocrx_word' id='word_1_94' title='bbox 547 1315 669 1356; x_wconf 90' lang='lat' dir='ltr'>Idem</span> <span class='ocrx_word' id='word_1_95' title='bbox 692 1315 958 1356; x_wconf 87' lang='lat' dir='ltr'>Edmundus</span> <span class='ocrx_word' id='word_1_96' title='bbox 981 1314 1094 1368; x_wconf 87' lang='lat' dir='ltr'>cepit</span> <span class='ocrx_word' id='word_1_97' title='bbox 1126 1328 1259 1356; x_wconf 79' lang='lat' dir='ltr'>vnam</span> <span class='ocrx_word' id='word_1_98' title='bbox 1293 1314 1458 1356; x_wconf 88' lang='lat' dir='ltr'>bissam</span> <span class='ocrx_word' id='word_1_99' title='bbox 1492 1313 1537 1354; x_wconf 90' lang='lat' dir='ltr'>in</span> <span class='ocrx_word' id='word_1_100' title='bbox 1560 1314 1711 1356; x_wconf 89' lang='lat' dir='ltr'>eadem</span> <span class='ocrx_word' id='word_1_101' title='bbox 1749 1313 1911 1356; x_wconf 85' lang='lat' dir='ltr'>balliua</span> <span class='ocrx_word' id='word_1_102' title='bbox 1946 1313 2014 1354; x_wconf 91' lang='lat' dir='ltr'>die</span> <span class='ocrx_word' id='word_1_103' title='bbox 2032 1313 2047 1336; x_wconf 81' lang='lat'>³</span> <span class='ocrx_word' id='word_1_104' title='bbox 2070 1313 2182 1354; x_wconf 90' lang='lat' dir='ltr'>Mer-</span> 
     </span>
     <span class='ocr_line' id='line_1_14' title="bbox 456 1383 1021 1437; baseline 0.002 -13"><span class='ocrx_word' id='word_1_105' title='bbox 456 1383 566 1424; x_wconf 85' lang='lat' dir='ltr'>curii</span> <span class='ocrx_word' id='word_1_106' title='bbox 587 1383 784 1437; x_wconf 84' lang='lat' dir='ltr'>proxima</span> <span class='ocrx_word' id='word_1_107' title='bbox 807 1384 1021 1437; x_wconf 74' lang='lat' dir='ltr'>sequenti.</span> 
     </span>
    </p>

    <p class='ocr_par' dir='ltr' id='par_1_8' title="bbox 457 1451 2185 1575">
     <span class='ocr_line' id='line_1_15' title="bbox 545 1451 2185 1507; baseline -0.001 -14"><span class='ocrx_word' id='word_1_108' title='bbox 545 1453 666 1494; x_wconf 89' lang='lat' dir='ltr'>Idem</span> <span class='ocrx_word' id='word_1_109' title='bbox 688 1453 955 1494; x_wconf 86' lang='lat' dir='ltr'>Edmundus</span> <span class='ocrx_word' id='word_1_110' title='bbox 978 1453 1092 1507; x_wconf 86' lang='lat' dir='ltr'>cepit</span> <span class='ocrx_word' id='word_1_111' title='bbox 1110 1467 1243 1494; x_wconf 76' lang='lat' dir='ltr'>Vnam</span> <span class='ocrx_word' id='word_1_112' title='bbox 1259 1452 1436 1494; x_wconf 85' lang='lat' dir='ltr'>damam</span> <span class='ocrx_word' id='word_1_113' title='bbox 1453 1452 1497 1493; x_wconf 90' lang='lat' dir='ltr'>in</span> <span class='ocrx_word' id='word_1_114' title='bbox 1515 1452 1667 1494; x_wconf 84' lang='lat' dir='ltr'>eadem</span> <span class='ocrx_word' id='word_1_115' title='bbox 1690 1452 1855 1495; x_wconf 85' lang='lat' dir='ltr'>balliua</span> <span class='ocrx_word' id='word_1_116' title='bbox 1877 1452 1946 1494; x_wconf 90' lang='lat' dir='ltr'>die</span> <span class='ocrx_word' id='word_1_117' title='bbox 1963 1454 1977 1475; x_wconf 75' lang='lat'><strong>⁴</strong></span> <span class='ocrx_word' id='word_1_118' title='bbox 2003 1451 2185 1495; x_wconf 82' lang='lat' dir='ltr'>Sabbati</span> 
     </span>
     <span class='ocr_line' id='line_1_16' title="bbox 457 1521 891 1575; baseline 0.002 -13"><span class='ocrx_word' id='word_1_119' title='bbox 457 1521 654 1575; x_wconf 80' lang='lat' dir='ltr'>proxima</span> <span class='ocrx_word' id='word_1_120' title='bbox 677 1522 891 1575; x_wconf 81' lang='lat' dir='ltr'>sequenti.</span> 
     </span>
    </p>

    <p class='ocr_par' dir='ltr' id='par_1_9' title="bbox 457 1590 2184 1713">
     <span class='ocr_line' id='line_1_17' title="bbox 545 1590 2184 1645; baseline 0.001 -14"><span class='ocrx_word' id='word_1_121' title='bbox 545 1591 668 1632; x_wconf 90' lang='lat' dir='ltr'>Idem</span> <span class='ocrx_word' id='word_1_122' title='bbox 690 1591 956 1633; x_wconf 87' lang='lat' dir='ltr'>Edmundus</span> <span class='ocrx_word' id='word_1_123' title='bbox 980 1591 1092 1645; x_wconf 87' lang='lat' dir='ltr'>cepit</span> <span class='ocrx_word' id='word_1_124' title='bbox 1108 1605 1241 1633; x_wconf 67' lang='lat' dir='ltr'>Vnam</span> <span class='ocrx_word' id='word_1_125' title='bbox 1261 1591 1438 1633; x_wconf 85' lang='lat' dir='ltr'>damam</span> <span class='ocrx_word' id='word_1_126' title='bbox 1456 1590 1501 1632; x_wconf 90' lang='lat' dir='ltr'>in</span> <span class='ocrx_word' id='word_1_127' title='bbox 1524 1591 1687 1632; x_wconf 87' lang='lat' dir='ltr'>balliua</span> <span class='ocrx_word' id='word_1_128' title='bbox 1712 1591 1762 1633; x_wconf 88' lang='lat' dir='ltr'>de</span> <span class='ocrx_word' id='word_1_129' title='bbox 1784 1605 1916 1645; x_wconf 86' lang='lat' dir='ltr'>parco</span> <span class='ocrx_word' id='word_1_130' title='bbox 1940 1591 2007 1633; x_wconf 90' lang='lat' dir='ltr'>die</span> <span class='ocrx_word' id='word_1_131' title='bbox 2021 1593 2035 1615; x_wconf 83' lang='lat'>⁵</span> <span class='ocrx_word' id='word_1_132' title='bbox 2056 1591 2184 1633; x_wconf 90' lang='lat' dir='ltr'>Lune</span> 
     </span>
     <span class='ocr_line' id='line_1_18' title="bbox 457 1660 890 1713; baseline 0.002 -13"><span class='ocrx_word' id='word_1_133' title='bbox 457 1660 656 1713; x_wconf 86' lang='lat' dir='ltr'>proxima</span> <span class='ocrx_word' id='word_1_134' title='bbox 679 1660 890 1713; x_wconf 85' lang='lat' dir='ltr'>sequenti.</span> 
     </span>
    </p>
   </div>
   <div class='ocr_carea' id='block_1_4' title="bbox 455 1811 2188 2212">
    <p class='ocr_par' dir='ltr' id='par_1_10' title="bbox 455 1811 2188 2212">
     <span class='ocr_line' id='line_1_19' title="bbox 546 1811 2188 1866; baseline -0.001 -13"><span class='ocrx_word' id='word_1_135' title='bbox 546 1812 627 1854; x_wconf 88' lang='lat' dir='ltr'>Per</span> <span class='ocrx_word' id='word_1_136' title='bbox 649 1812 837 1861; x_wconf 72' lang='lat' dir='ltr'>breue;6</span> <span class='ocrx_word' id='word_1_137' title='bbox 870 1814 959 1854; x_wconf 91' lang='lat' dir='ltr'>tres</span> <span class='ocrx_word' id='word_1_138' title='bbox 993 1812 1159 1853; x_wconf 87' lang='lat' dir='ltr'>damas.</span> <span class='ocrx_word' id='word_1_139' title='bbox 1223 1812 1337 1854; x_wconf 79' lang='lat' dir='ltr'>onr</span> <span class='ocrx_word' id='word_1_140' title='bbox 1375 1811 1543 1853; x_wconf 90' lang='lat' dir='ltr'>domini</span> <span class='ocrx_word' id='word_1_141' title='bbox 1566 1812 1618 1854; x_wconf 81' lang='lat' dir='ltr'>G.</span> <span class='ocrx_word' id='word_1_142' title='bbox 1645 1812 1695 1854; x_wconf 89' lang='lat' dir='ltr'>de</span> <span class='ocrx_word' id='word_1_143' title='bbox 1717 1812 1917 1866; x_wconf 88' lang='lat' dir='ltr'>Langel’,</span> <span class='ocrx_word' id='word_1_144' title='bbox 1956 1811 2188 1854; x_wconf 86' lang='lat' dir='ltr'>iusticiarii</span> 
     </span>
     <span class='ocr_line' id='line_1_20' title="bbox 457 1881 2188 1935; baseline 0 -14"><span class='ocrx_word' id='word_1_145' title='bbox 457 1882 629 1930; x_wconf 76' lang='lat' dir='ltr'>foreste,</span> <span class='ocrx_word' id='word_1_146' title='bbox 655 1881 756 1923; x_wconf 90' lang='lat' dir='ltr'>fecit</span> <span class='ocrx_word' id='word_1_147' title='bbox 788 1895 941 1935; x_wconf 78' lang='lat' dir='ltr'>capere</span> <span class='ocrx_word' id='word_1_148' title='bbox 964 1895 1096 1922; x_wconf 89' lang='lat' dir='ltr'>vnam</span> <span class='ocrx_word' id='word_1_149' title='bbox 1134 1881 1312 1922; x_wconf 87' lang='lat' dir='ltr'>damam</span> <span class='ocrx_word' id='word_1_150' title='bbox 1347 1881 1393 1921; x_wconf 91' lang='lat' dir='ltr'>in</span> <span class='ocrx_word' id='word_1_151' title='bbox 1427 1881 1591 1922; x_wconf 86' lang='lat' dir='ltr'>balliua</span> <span class='ocrx_word' id='word_1_152' title='bbox 1626 1882 1678 1922; x_wconf 88' lang='lat' dir='ltr'>de</span> <span class='ocrx_word' id='word_1_153' title='bbox 1700 1881 1918 1935; x_wconf 86' lang='lat' dir='ltr'>Rokingh&#39;</span> <span class='ocrx_word' id='word_1_154' title='bbox 1943 1881 2040 1923; x_wconf 86' lang='lat' dir='ltr'>die⁷</span> <span class='ocrx_word' id='word_1_155' title='bbox 2062 1882 2188 1922; x_wconf 89' lang='lat' dir='ltr'>Lune</span> 
     </span>
     <span class='ocr_line' id='line_1_21' title="bbox 456 1950 2188 2004; baseline 0.001 -13"><span class='ocrx_word' id='word_1_156' title='bbox 456 1950 655 2004; x_wconf 85' lang='lat' dir='ltr'>proxima</span> <span class='ocrx_word' id='word_1_157' title='bbox 697 1953 796 2004; x_wconf 89' lang='lat' dir='ltr'>post</span> <span class='ocrx_word' id='word_1_158' title='bbox 840 1951 1028 1993; x_wconf 84' lang='lat' dir='ltr'>Octabas</span> <span class='ocrx_word' id='word_1_159' title='bbox 1072 1950 1402 1992; x_wconf 87' lang='lat' dir='ltr'>Purificacionis</span> <span class='ocrx_word' id='word_1_160' title='bbox 1440 1950 1565 1992; x_wconf 89' lang='lat' dir='ltr'>beate</span> <span class='ocrx_word' id='word_1_161' title='bbox 1600 1950 1739 1993; x_wconf 89' lang='lat' dir='ltr'>Marie</span> <span class='ocrx_word' id='word_1_162' title='bbox 1782 1965 1899 1992; x_wconf 87' lang='lat' dir='ltr'>anno</span> <span class='ocrx_word' id='word_1_163' title='bbox 1933 1951 2110 1999; x_wconf 89' lang='lat' dir='ltr'>eodem;</span> <span class='ocrx_word' id='word_1_164' title='bbox 2146 1953 2188 1992; x_wconf 90' lang='lat' dir='ltr'>et</span> 
     </span>
     <span class='ocr_line' id='line_1_22' title="bbox 455 2019 2186 2074; baseline 0 -14"><span class='ocrx_word' id='word_1_165' title='bbox 455 2033 589 2061; x_wconf 82' lang='lat' dir='ltr'>Vnam</span> <span class='ocrx_word' id='word_1_166' title='bbox 621 2020 799 2061; x_wconf 87' lang='lat' dir='ltr'>damam</span> <span class='ocrx_word' id='word_1_167' title='bbox 842 2020 887 2061; x_wconf 94' lang='lat' dir='ltr'>in</span> <span class='ocrx_word' id='word_1_168' title='bbox 922 2020 1086 2062; x_wconf 88' lang='lat' dir='ltr'>balliua</span> <span class='ocrx_word' id='word_1_169' title='bbox 1115 2020 1167 2061; x_wconf 90' lang='lat' dir='ltr'>de</span> <span class='ocrx_word' id='word_1_170' title='bbox 1201 2033 1332 2074; x_wconf 85' lang='lat' dir='ltr'>parco</span> <span class='ocrx_word' id='word_1_171' title='bbox 1366 2020 1465 2061; x_wconf 68' lang='lat' dir='ltr'>die⁸</span> <span class='ocrx_word' id='word_1_172' title='bbox 1495 2019 1703 2061; x_wconf 80' lang='lat' dir='ltr'>Mercurii</span> <span class='ocrx_word' id='word_1_173' title='bbox 1736 2020 1933 2074; x_wconf 81' lang='lat' dir='ltr'>proxima</span> <span class='ocrx_word' id='word_1_174' title='bbox 1963 2019 2186 2073; x_wconf 89' lang='lat' dir='ltr'>sequenti;</span> 
     </span>
     <span class='ocr_line' id='line_1_23' title="bbox 455 2089 2188 2143; baseline 0.001 -13"><span class='ocrx_word' id='word_1_175' title='bbox 455 2093 499 2130; x_wconf 89' lang='lat' dir='ltr'>et</span> <span class='ocrx_word' id='word_1_176' title='bbox 514 2103 645 2131; x_wconf 87' lang='lat' dir='ltr'>vnam</span> <span class='ocrx_word' id='word_1_177' title='bbox 669 2090 845 2131; x_wconf 88' lang='lat' dir='ltr'>damam</span> <span class='ocrx_word' id='word_1_178' title='bbox 870 2089 915 2130; x_wconf 90' lang='lat' dir='ltr'>in</span> <span class='ocrx_word' id='word_1_179' title='bbox 938 2090 1090 2132; x_wconf 84' lang='lat' dir='ltr'>eadem</span> <span class='ocrx_word' id='word_1_180' title='bbox 1109 2090 1274 2131; x_wconf 86' lang='lat' dir='ltr'>balliua</span> <span class='ocrx_word' id='word_1_181' title='bbox 1297 2089 1366 2131; x_wconf 90' lang='lat' dir='ltr'>die</span> <span class='ocrx_word' id='word_1_182' title='bbox 1383 2090 1398 2112; x_wconf 72' lang='lat'>9</span> <span class='ocrx_word' id='word_1_183' title='bbox 1421 2089 1541 2131; x_wconf 84' lang='lat' dir='ltr'>Iouis</span> <span class='ocrx_word' id='word_1_184' title='bbox 1564 2089 1761 2143; x_wconf 84' lang='lat' dir='ltr'>proxima</span> <span class='ocrx_word' id='word_1_185' title='bbox 1780 2089 1978 2142; x_wconf 88' lang='lat' dir='ltr'>sequenti</span> <span class='ocrx_word' id='word_1_186' title='bbox 2001 2090 2052 2131; x_wconf 91' lang='lat' dir='ltr'>de</span> <span class='ocrx_word' id='word_1_187' title='bbox 2075 2089 2188 2132; x_wconf 88' lang='lat' dir='ltr'>dono</span> 
     </span>
     <span class='ocr_line' id='line_1_24' title="bbox 456 2158 777 2212; baseline 0 -13"><span class='ocrx_word' id='word_1_188' title='bbox 456 2158 626 2199; x_wconf 87' lang='lat' dir='ltr'>domini</span> <span class='ocrx_word' id='word_1_189' title='bbox 649 2158 777 2212; x_wconf 89' lang='lat' dir='ltr'>regis.</span> 
     </span>
    </p>
   </div>
   <div class='ocr_carea' id='block_1_5' title="bbox 455 2309 2191 2641">
    <p class='ocr_par' dir='ltr' id='par_1_11' title="bbox 455 2309 2191 2641">
     <span class='ocr_line' id='line_1_25' title="bbox 549 2309 2191 2365; baseline 0.001 -15"><span class='ocrx_word' id='word_1_190' title='bbox 549 2310 578 2332; x_wconf 74' lang='lat'>¹0</span> <span class='ocrx_word' id='word_1_191' title='bbox 592 2309 761 2350; x_wconf 87' lang='lat' dir='ltr'>Accidit</span> <span class='ocrx_word' id='word_1_192' title='bbox 783 2309 852 2351; x_wconf 90' lang='lat' dir='ltr'>die</span> <span class='ocrx_word' id='word_1_193' title='bbox 870 2310 894 2334; x_wconf 90' lang='lat'>¹¹</span> <span class='ocrx_word' id='word_1_194' title='bbox 921 2310 1046 2351; x_wconf 89' lang='lat' dir='ltr'>Lune</span> <span class='ocrx_word' id='word_1_195' title='bbox 1069 2309 1114 2351; x_wconf 89' lang='lat' dir='ltr'>in</span> <span class='ocrx_word' id='word_1_196' title='bbox 1137 2310 1330 2352; x_wconf 88' lang='lat' dir='ltr'>crastino</span> <span class='ocrx_word' id='word_1_197' title='bbox 1353 2310 1610 2352; x_wconf 86' lang='lat' dir='ltr'>Palmarum</span> <span class='ocrx_word' id='word_1_198' title='bbox 1634 2324 1749 2353; x_wconf 89' lang='lat' dir='ltr'>anno</span> <span class='ocrx_word' id='word_1_199' title='bbox 1772 2311 1922 2353; x_wconf 84' lang='lat' dir='ltr'>eodem</span> <span class='ocrx_word' id='word_1_200' title='bbox 1945 2310 2071 2365; x_wconf 88' lang='lat' dir='ltr'>quod,</span> <span class='ocrx_word' id='word_1_201' title='bbox 2092 2324 2191 2352; x_wconf 82' lang='lat' dir='ltr'>cuin</span> 
     </span>
     <span class='ocr_line' id='line_1_26' title="bbox 457 2378 2191 2434; baseline 0.001 -15"><span class='ocrx_word' id='word_1_202' title='bbox 457 2378 663 2420; x_wconf 88' lang='lat' dir='ltr'>dominus</span> <span class='ocrx_word' id='word_1_203' title='bbox 707 2379 838 2432; x_wconf 89' lang='lat' dir='ltr'>Hugo</span> <span class='ocrx_word' id='word_1_204' title='bbox 880 2378 932 2420; x_wconf 90' lang='lat' dir='ltr'>de</span> <span class='ocrx_word' id='word_1_205' title='bbox 975 2379 1285 2433; x_wconf 88' lang='lat' dir='ltr'>Goldingham,</span> <span class='ocrx_word' id='word_1_206' title='bbox 1320 2380 1584 2421; x_wconf 80' lang='lat' dir='ltr'>senescallus</span> <span class='ocrx_word' id='word_1_207' title='bbox 1627 2380 1799 2430; x_wconf 87' lang='lat' dir='ltr'>foreste,</span> <span class='ocrx_word' id='word_1_208' title='bbox 1834 2384 1875 2421; x_wconf 91' lang='lat' dir='ltr'>et</span> <span class='ocrx_word' id='word_1_209' title='bbox 1909 2381 2105 2434; x_wconf 86' lang='lat' dir='ltr'>Rogerus</span> <span class='ocrx_word' id='word_1_210' title='bbox 2139 2380 2191 2421; x_wconf 90' lang='lat' dir='ltr'>de</span> 
     </span>
     <span class='ocr_line' id='line_1_27' title="bbox 459 2447 2190 2503; baseline 0.001 -15"><span class='ocrx_word' id='word_1_211' title='bbox 459 2447 701 2501; x_wconf 85' lang='lat' dir='ltr'>Tyngewic,</span> <span class='ocrx_word' id='word_1_212' title='bbox 725 2448 982 2490; x_wconf 77' lang='lat' dir='ltr'>forestarius</span> <span class='ocrx_word' id='word_1_213' title='bbox 1006 2462 1149 2501; x_wconf 91' lang='lat' dir='ltr'>eques,</span> <span class='ocrx_word' id='word_1_214' title='bbox 1174 2451 1390 2490; x_wconf 71' lang='lat' dir='ltr'>venerunt</span> <span class='ocrx_word' id='word_1_215' title='bbox 1413 2448 1464 2489; x_wconf 88' lang='lat' dir='ltr'>de</span> <span class='ocrx_word' id='word_1_216' title='bbox 1497 2448 1715 2490; x_wconf 85' lang='lat' dir='ltr'>Carleton&#39;</span> <span class='ocrx_word' id='word_1_217' title='bbox 1741 2452 1838 2502; x_wconf 88' lang='lat' dir='ltr'>post</span> <span class='ocrx_word' id='word_1_218' title='bbox 1870 2449 2108 2503; x_wconf 87' lang='lat' dir='ltr'>prandium</span> <span class='ocrx_word' id='word_1_219' title='bbox 2135 2448 2190 2490; x_wconf 89' lang='lat' dir='ltr'>ad</span> 
     </span>
     <span class='ocr_line' id='line_1_28' title="bbox 457 2516 2190 2572; baseline 0.001 -15"><span class='ocrx_word' id='word_1_220' title='bbox 457 2516 690 2558; x_wconf 88' lang='lat' dir='ltr'>introitum</span> <span class='ocrx_word' id='word_1_221' title='bbox 714 2517 831 2559; x_wconf 87' lang='lat' dir='ltr'>bosci</span> <span class='ocrx_word' id='word_1_222' title='bbox 849 2518 1029 2559; x_wconf 87' lang='lat' dir='ltr'>Roberti</span> <span class='ocrx_word' id='word_1_223' title='bbox 1044 2518 1094 2559; x_wconf 88' lang='lat' dir='ltr'>de</span> <span class='ocrx_word' id='word_1_224' title='bbox 1112 2519 1282 2567; x_wconf 82' lang='lat' dir='ltr'>Hotoft,</span> <span class='ocrx_word' id='word_1_225' title='bbox 1300 2522 1588 2572; x_wconf 85' lang='lat' dir='ltr'>perceperunt</span> <span class='ocrx_word' id='word_1_226' title='bbox 1602 2533 1738 2560; x_wconf 88' lang='lat' dir='ltr'>vnum</span> <span class='ocrx_word' id='word_1_227' title='bbox 1754 2519 1977 2560; x_wconf 88' lang='lat' dir='ltr'>hominem</span> <span class='ocrx_word' id='word_1_228' title='bbox 2000 2519 2190 2572; x_wconf 86' lang='lat' dir='ltr'>equitem</span> 
     </span>
     <span class='ocr_line' id='line_1_29' title="bbox 455 2586 2189 2641; baseline 0.001 -15"><span class='ocrx_word' id='word_1_229' title='bbox 455 2589 499 2627; x_wconf 86' lang='lat' dir='ltr'>et</span> <span class='ocrx_word' id='word_1_230' title='bbox 524 2600 659 2626; x_wconf 85' lang='lat' dir='ltr'>vnum</span> <span class='ocrx_word' id='word_1_231' title='bbox 684 2586 933 2639; x_wconf 82' lang='lat' dir='ltr'>garcionem</span> <span class='ocrx_word' id='word_1_232' title='bbox 958 2586 1102 2640; x_wconf 87' lang='lat' dir='ltr'>ipsum</span> <span class='ocrx_word' id='word_1_233' title='bbox 1126 2590 1381 2640; x_wconf 88' lang='lat' dir='ltr'>sequentem</span> <span class='ocrx_word' id='word_1_234' title='bbox 1404 2601 1503 2628; x_wconf 89' lang='lat' dir='ltr'>cum</span> <span class='ocrx_word' id='word_1_235' title='bbox 1537 2601 1641 2628; x_wconf 86' lang='lat' dir='ltr'>arcu</span> <span class='ocrx_word' id='word_1_236' title='bbox 1664 2590 1706 2629; x_wconf 92' lang='lat' dir='ltr'>et</span> <span class='ocrx_word' id='word_1_237' title='bbox 1730 2587 1917 2640; x_wconf 83' lang='lat' dir='ltr'>sagittis,</span> <span class='ocrx_word' id='word_1_238' title='bbox 1943 2588 2016 2641; x_wconf 91' lang='lat' dir='ltr'>qui</span> <span class='ocrx_word' id='word_1_239' title='bbox 2039 2587 2189 2629; x_wconf 88' lang='lat' dir='ltr'>statim</span> 
     </span>
    </p>
   </div>
   <div class='ocr_carea' id='block_1_6' title="bbox 456 2699 1292 3212">
    <p class='ocr_par' dir='ltr' id='par_1_12' title="bbox 456 2699 1292 2915">
     <span class='ocr_line' id='line_1_30' title="bbox 503 2699 1292 2741; baseline 0.001 -11"><span class='ocrx_word' id='word_1_240' title='bbox 503 2702 508 2719; x_wconf 99' lang='lat'>¹</span> <span class='ocrx_word' id='word_1_241' title='bbox 536 2701 587 2741; x_wconf 89' lang='lat' dir='ltr'>By</span> <span class='ocrx_word' id='word_1_242' title='bbox 605 2700 722 2731; x_wconf 84' lang='lat' dir='ltr'>letters</span> <span class='ocrx_word' id='word_1_243' title='bbox 738 2700 829 2731; x_wconf 82' lang='lat' dir='ltr'>close</span> <span class='ocrx_word' id='word_1_244' title='bbox 847 2699 948 2731; x_wconf 80' lang='lat' dir='ltr'>dated</span> <span class='ocrx_word' id='word_1_245' title='bbox 967 2702 985 2730; x_wconf 80' lang='lat'>2</span> <span class='ocrx_word' id='word_1_246' title='bbox 1000 2700 1192 2731; x_wconf 82' lang='lat' dir='ltr'>November</span> <span class='ocrx_word' id='word_1_247' title='bbox 1208 2702 1292 2731; x_wconf 84' lang='lat'>1250</span> 
     </span>
     <span class='ocr_line' id='line_1_31' title="bbox 458 2744 1292 2784; baseline 0.001 -9"><span class='ocrx_word' id='word_1_248' title='bbox 458 2744 515 2775; x_wconf 83' lang='lat' dir='ltr'>the</span> <span class='ocrx_word' id='word_1_249' title='bbox 532 2744 614 2784; x_wconf 87' lang='lat' dir='ltr'>king</span> <span class='ocrx_word' id='word_1_250' title='bbox 630 2754 714 2783; x_wconf 78' lang='lat' dir='ltr'>gave</span> <span class='ocrx_word' id='word_1_251' title='bbox 732 2744 804 2774; x_wconf 89' lang='lat' dir='ltr'>him</span> <span class='ocrx_word' id='word_1_252' title='bbox 822 2744 899 2775; x_wconf 76' lang='lat' dir='ltr'>four</span> <span class='ocrx_word' id='word_1_253' title='bbox 917 2744 998 2775; x_wconf 83' lang='lat' dir='ltr'>does</span> <span class='ocrx_word' id='word_1_254' title='bbox 1012 2745 1101 2775; x_wconf 80' lang='lat' dir='ltr'>from</span> <span class='ocrx_word' id='word_1_255' title='bbox 1116 2744 1173 2775; x_wconf 87' lang='lat' dir='ltr'>the</span> <span class='ocrx_word' id='word_1_256' title='bbox 1186 2746 1292 2776; x_wconf 74' lang='lat' dir='ltr'>forest</span> 
     </span>
     <span class='ocr_line' id='line_1_32' title="bbox 457 2787 1291 2826; baseline 0.001 -7"><span class='ocrx_word' id='word_1_257' title='bbox 457 2789 492 2819; x_wconf 82' lang='lat' dir='ltr'>of</span> <span class='ocrx_word' id='word_1_258' title='bbox 517 2788 765 2826; x_wconf 83' lang='lat' dir='ltr'>Rockingham,</span> <span class='ocrx_word' id='word_1_259' title='bbox 784 2787 906 2824; x_wconf 81' lang='lat' dir='ltr'>which,</span> <span class='ocrx_word' id='word_1_260' title='bbox 936 2787 1102 2825; x_wconf 78' lang='lat' dir='ltr'>however,</span> <span class='ocrx_word' id='word_1_261' title='bbox 1120 2798 1205 2819; x_wconf 86' lang='lat' dir='ltr'>were</span> <span class='ocrx_word' id='word_1_262' title='bbox 1232 2791 1291 2820; x_wconf 82' lang='lat' dir='ltr'>not</span> 
     </span>
     <span class='ocr_line' id='line_1_33' title="bbox 457 2831 1290 2863; baseline 0 0"><span class='ocrx_word' id='word_1_263' title='bbox 457 2836 492 2863; x_wconf 85' lang='lat' dir='ltr'>to</span> <span class='ocrx_word' id='word_1_264' title='bbox 520 2832 559 2863; x_wconf 88' lang='lat' dir='ltr'>be</span> <span class='ocrx_word' id='word_1_265' title='bbox 588 2832 691 2863; x_wconf 82' lang='lat' dir='ltr'>taken</span> <span class='ocrx_word' id='word_1_266' title='bbox 710 2832 797 2862; x_wconf 82' lang='lat' dir='ltr'>from</span> <span class='ocrx_word' id='word_1_267' title='bbox 814 2831 991 2862; x_wconf 86' lang='lat' dir='ltr'>Beanfield</span> <span class='ocrx_word' id='word_1_268' title='bbox 1016 2832 1121 2862; x_wconf 85' lang='lat' dir='ltr'>Lawn</span> <span class='ocrx_word' id='word_1_269' title='bbox 1139 2842 1176 2863; x_wconf 92' lang='lat' dir='ltr'>or</span> <span class='ocrx_word' id='word_1_270' title='bbox 1204 2832 1290 2863; x_wconf 87' lang='lat' dir='ltr'>Ged-</span> 
     </span>
     <span class='ocr_line' id='line_1_34' title="bbox 456 2874 1187 2915; baseline 0.003 -10"><span class='ocrx_word' id='word_1_271' title='bbox 456 2875 600 2915; x_wconf 85' lang='lat' dir='ltr'>dington</span> <span class='ocrx_word' id='word_1_272' title='bbox 620 2876 741 2907; x_wconf 77' lang='lat' dir='ltr'>Grove.</span> <span class='ocrx_word' id='word_1_273' title='bbox 790 2875 888 2906; x_wconf 69' lang='lat' dir='ltr'>Close</span> <span class='ocrx_word' id='word_1_274' title='bbox 906 2874 983 2906; x_wconf 84' lang='lat' dir='ltr'>Roll</span> <span class='ocrx_word' id='word_1_275' title='bbox 1002 2876 1054 2911; x_wconf 78' lang='lat'>65,</span> <span class='ocrx_word' id='word_1_276' title='bbox 1074 2886 1117 2906; x_wconf 85' lang='lat' dir='ltr'>m.</span> <span class='ocrx_word' id='word_1_277' title='bbox 1136 2877 1187 2907; x_wconf 79' lang='lat'>25.</span> 
     </span>
    </p>

    <p class='ocr_par' dir='ltr' id='par_1_13' title="bbox 501 2919 1010 2960">
     <span class='ocr_line' id='line_1_35' title="bbox 501 2919 1010 2960; baseline -0.004 -10"><span class='ocrx_word' id='word_1_278' title='bbox 501 2922 512 2937; x_wconf 76' lang='lat'><strong>²</strong></span> <span class='ocrx_word' id='word_1_279' title='bbox 536 2919 672 2959; x_wconf 87' lang='lat' dir='ltr'>Friday,</span> <span class='ocrx_word' id='word_1_280' title='bbox 691 2921 709 2950; x_wconf 88' lang='lat'><strong>3</strong></span> <span class='ocrx_word' id='word_1_281' title='bbox 724 2919 898 2959; x_wconf 79' lang='lat' dir='ltr'>February</span> <span class='ocrx_word' id='word_1_282' title='bbox 919 2920 1010 2960; x_wconf 51' lang='lat'>1252.</span> 
     </span>
    </p>

    <p class='ocr_par' dir='ltr' id='par_1_14' title="bbox 501 2963 857 3005">
     <span class='ocr_line' id='line_1_36' title="bbox 501 2963 857 3005; baseline -0.003 -11"><span class='ocrx_word' id='word_1_283' title='bbox 501 2964 512 2980; x_wconf 85' lang='lat'>³</span> <span class='ocrx_word' id='word_1_284' title='bbox 537 2966 556 2994; x_wconf 83' lang='lat'>8</span> <span class='ocrx_word' id='word_1_285' title='bbox 573 2964 747 3003; x_wconf 79' lang='lat' dir='ltr'>February</span> <span class='ocrx_word' id='word_1_286' title='bbox 768 2963 857 3005; x_wconf 59' lang='lat'>1253.</span> 
     </span>
    </p>

    <p class='ocr_par' dir='ltr' id='par_1_15' title="bbox 502 3007 881 3048">
     <span class='ocr_line' id='line_1_37' title="bbox 502 3007 881 3048; baseline 0 -11"><span class='ocrx_word' id='word_1_287' title='bbox 502 3009 511 3024; x_wconf 72' lang='lat'><strong>⁴</strong></span> <span class='ocrx_word' id='word_1_288' title='bbox 539 3008 571 3037; x_wconf 93' lang='grc'>1]</span> <span class='ocrx_word' id='word_1_289' title='bbox 596 3007 770 3046; x_wconf 77' lang='lat' dir='ltr'>Februa-ry</span> <span class='ocrx_word' id='word_1_290' title='bbox 791 3008 881 3048; x_wconf 55' lang='lat'>1253.</span> 
     </span>
    </p>

    <p class='ocr_par' dir='ltr' id='par_1_16' title="bbox 500 3051 881 3091">
     <span class='ocr_line' id='line_1_38' title="bbox 500 3051 881 3091; baseline -0.003 -10"><span class='ocrx_word' id='word_1_291' title='bbox 500 3053 510 3068; x_wconf 80' lang='lat'>⁵</span> <span class='ocrx_word' id='word_1_292' title='bbox 538 3052 576 3081; x_wconf 85' lang='lat'>13</span> <span class='ocrx_word' id='word_1_293' title='bbox 594 3051 769 3090; x_wconf 81' lang='lat' dir='ltr'>February</span> <span class='ocrx_word' id='word_1_294' title='bbox 790 3051 881 3091; x_wconf 54' lang='lat'>1253.</span> 
     </span>
    </p>

    <p class='ocr_par' dir='ltr' id='par_1_17' title="bbox 458 3092 1291 3212">
     <span class='ocr_line' id='line_1_39' title="bbox 501 3092 1291 3134; baseline 0 -10"><span class='ocrx_word' id='word_1_295' title='bbox 501 3096 512 3110; x_wconf 75' lang='lat'>&#39;⁵</span> <span class='ocrx_word' id='word_1_296' title='bbox 535 3095 585 3134; x_wconf 81' lang='lat' dir='ltr'>By</span> <span class='ocrx_word' id='word_1_297' title='bbox 603 3094 722 3125; x_wconf 84' lang='lat' dir='ltr'>letters</span> <span class='ocrx_word' id='word_1_298' title='bbox 740 3094 830 3125; x_wconf 87' lang='lat' dir='ltr'>close</span> <span class='ocrx_word' id='word_1_299' title='bbox 855 3092 957 3124; x_wconf 70' lang='lat' dir='ltr'>dated</span> <span class='ocrx_word' id='word_1_300' title='bbox 982 3095 1000 3124; x_wconf 80' lang='lat'>9</span> <span class='ocrx_word' id='word_1_301' title='bbox 1026 3094 1180 3133; x_wconf 82' lang='lat' dir='ltr'>January</span> <span class='ocrx_word' id='word_1_302' title='bbox 1211 3094 1291 3134; x_wconf 46' lang='lat'>1253</span> 
     </span>
     <span class='ocr_line' id='line_1_40' title="bbox 458 3136 1290 3176; baseline 0 -9"><span class='ocrx_word' id='word_1_303' title='bbox 458 3137 517 3168; x_wconf 78' lang='lat' dir='ltr'>the</span> <span class='ocrx_word' id='word_1_304' title='bbox 535 3137 616 3174; x_wconf 76' lang='lat' dir='ltr'>king</span> <span class='ocrx_word' id='word_1_305' title='bbox 634 3137 778 3176; x_wconf 79' lang='lat' dir='ltr'>granted</span> <span class='ocrx_word' id='word_1_306' title='bbox 797 3141 830 3168; x_wconf 82' lang='lat' dir='ltr'>to</span> <span class='ocrx_word' id='word_1_307' title='bbox 848 3137 909 3167; x_wconf 85' lang='lat' dir='ltr'>her</span> <span class='ocrx_word' id='word_1_308' title='bbox 927 3136 1022 3167; x_wconf 86' lang='lat' dir='ltr'>three</span> <span class='ocrx_word' id='word_1_309' title='bbox 1036 3137 1116 3167; x_wconf 57' lang='lat' dir='ltr'>does-</span> <span class='ocrx_word' id='word_1_310' title='bbox 1130 3138 1217 3167; x_wconf 78' lang='lat' dir='ltr'>from</span> <span class='ocrx_word' id='word_1_311' title='bbox 1232 3138 1290 3167; x_wconf 86' lang='lat' dir='ltr'>the</span> 
     </span>
     <span class='ocr_line' id='line_1_41' title="bbox 459 3180 1290 3212; baseline 0 -1"><span class='ocrx_word' id='word_1_312' title='bbox 459 3183 563 3212; x_wconf 75' lang='lat' dir='ltr'>forest</span> <span class='ocrx_word' id='word_1_313' title='bbox 598 3185 632 3211; x_wconf 75' lang='lat' dir='ltr'>ot‘</span> <span class='ocrx_word' id='word_1_314' title='bbox 664 3181 894 3212; x_wconf 73' lang='lat' dir='ltr'>Feekenhani.</span> <span class='ocrx_word' id='word_1_315' title='bbox 943 3182 981 3211; x_wconf 86' lang='lat' dir='ltr'>In</span> <span class='ocrx_word' id='word_1_316' title='bbox 1016 3181 1073 3211; x_wconf 83' lang='lat' dir='ltr'>the</span> <span class='ocrx_word' id='word_1_317' title='bbox 1106 3181 1194 3212; x_wconf 87' lang='lat' dir='ltr'>close</span> <span class='ocrx_word' id='word_1_318' title='bbox 1228 3180 1290 3212; x_wconf 88' lang='lat' dir='ltr'>roll</span> 
     </span>
    </p>
   </div>
   <div class='ocr_carea' id='block_1_7' title="bbox 1357 2701 2193 3180">
    <p class='ocr_par' dir='ltr' id='par_1_18' title="bbox 1357 2701 2193 3048">
     <span class='ocr_line' id='line_1_42' title="bbox 1364 2701 2191 2742; baseline 0.001 -11"><span class='ocrx_word' id='word_1_319' title='bbox 1364 2701 1438 2740; x_wconf 86' lang='lat' dir='ltr'>(No.</span> <span class='ocrx_word' id='word_1_320' title='bbox 1458 2702 1510 2737; x_wconf 78' lang='lat'>65,</span> <span class='ocrx_word' id='word_1_321' title='bbox 1529 2711 1574 2732; x_wconf 88' lang='lat' dir='ltr'>m.</span> <span class='ocrx_word' id='word_1_322' title='bbox 1593 2702 1647 2742; x_wconf 81' lang='lat'>21)</span> <span class='ocrx_word' id='word_1_323' title='bbox 1667 2701 1725 2732; x_wconf 86' lang='lat' dir='ltr'>the</span> <span class='ocrx_word' id='word_1_324' title='bbox 1742 2701 1860 2733; x_wconf 83' lang='lat' dir='ltr'>letters</span> <span class='ocrx_word' id='word_1_325' title='bbox 1877 2711 1933 2733; x_wconf 86' lang='lat' dir='ltr'>are</span> <span class='ocrx_word' id='word_1_326' title='bbox 1950 2701 2112 2739; x_wconf 89' lang='lat' dir='ltr'>enrolled,</span> <span class='ocrx_word' id='word_1_327' title='bbox 2131 2702 2191 2733; x_wconf 88' lang='lat' dir='ltr'>but</span> 
     </span>
     <span class='ocr_line' id='line_1_43' title="bbox 1362 2745 2191 2777; baseline 0 -1"><span class='ocrx_word' id='word_1_328' title='bbox 1362 2745 1421 2776; x_wconf 86' lang='lat' dir='ltr'>the</span> <span class='ocrx_word' id='word_1_329' title='bbox 1448 2745 1538 2776; x_wconf 85' lang='lat' dir='ltr'>word</span> <span class='ocrx_word' id='word_1_330' title='bbox 1567 2745 1787 2776; x_wconf 86' lang='lat' dir='ltr'>Feckenham</span> <span class='ocrx_word' id='word_1_331' title='bbox 1814 2746 1843 2776; x_wconf 90' lang='lat' dir='ltr'>is</span> <span class='ocrx_word' id='word_1_332' title='bbox 1871 2746 2007 2777; x_wconf 82' lang='lat' dir='ltr'>crossed</span> <span class='ocrx_word' id='word_1_333' title='bbox 2035 2750 2095 2777; x_wconf 86' lang='lat' dir='ltr'>out</span> <span class='ocrx_word' id='word_1_334' title='bbox 2123 2746 2191 2777; x_wconf 89' lang='lat' dir='ltr'>and</span> 
     </span>
     <span class='ocr_line' id='line_1_44' title="bbox 1362 2788 2188 2828; baseline 0.001 -9"><span class='ocrx_word' id='word_1_335' title='bbox 1362 2788 1601 2828; x_wconf 84' lang='lat' dir='ltr'>Rockingham</span> <span class='ocrx_word' id='word_1_336' title='bbox 1618 2789 1751 2820; x_wconf 84' lang='lat' dir='ltr'>written</span> <span class='ocrx_word' id='word_1_337' title='bbox 1770 2789 1874 2820; x_wconf 86' lang='lat' dir='ltr'>above</span> <span class='ocrx_word' id='word_1_338' title='bbox 1892 2790 1928 2820; x_wconf 88' lang='lat' dir='ltr'>it.</span> <span class='ocrx_word' id='word_1_339' title='bbox 1976 2790 2016 2820; x_wconf 88' lang='lat' dir='ltr'>In</span> <span class='ocrx_word' id='word_1_340' title='bbox 2027 2789 2086 2820; x_wconf 91' lang='lat' dir='ltr'>the</span> <span class='ocrx_word' id='word_1_341' title='bbox 2100 2799 2188 2820; x_wconf 84' lang='lat' dir='ltr'>mar-</span> 
     </span>
     <span class='ocr_line' id='line_1_45' title="bbox 1362 2832 2193 2873; baseline 0.001 -10"><span class='ocrx_word' id='word_1_342' title='bbox 1362 2833 1420 2871; x_wconf 87' lang='lat' dir='ltr'>gin</span> <span class='ocrx_word' id='word_1_343' title='bbox 1453 2843 1510 2864; x_wconf 85' lang='lat' dir='ltr'>are</span> <span class='ocrx_word' id='word_1_344' title='bbox 1540 2832 1599 2864; x_wconf 86' lang='lat' dir='ltr'>the</span> <span class='ocrx_word' id='word_1_345' title='bbox 1630 2832 1739 2863; x_wconf 89' lang='lat' dir='ltr'>words</span> <span class='ocrx_word' id='word_1_346' title='bbox 1772 2833 1872 2873; x_wconf 88' lang='lat' dir='ltr'>‘quia</span> <span class='ocrx_word' id='word_1_347' title='bbox 1904 2833 2003 2864; x_wconf 81' lang='lat' dir='ltr'>aliter</span> <span class='ocrx_word' id='word_1_348' title='bbox 2034 2834 2069 2864; x_wconf 91' lang='lat' dir='ltr'>in</span> <span class='ocrx_word' id='word_1_349' title='bbox 2101 2843 2193 2864; x_wconf 86' lang='lat' dir='ltr'>anno</span> 
     </span>
     <span class='ocr_line' id='line_1_46' title="bbox 1362 2876 2193 2917; baseline 0 -10"><span class='ocrx_word' id='word_1_350' title='bbox 1362 2876 1539 2916; x_wconf 85' lang='lat' dir='ltr'>sequenti.&#39;</span> <span class='ocrx_word' id='word_1_351' title='bbox 1586 2877 1627 2907; x_wconf 92' lang='lat' dir='ltr'>In</span> <span class='ocrx_word' id='word_1_352' title='bbox 1645 2876 1703 2907; x_wconf 88' lang='lat' dir='ltr'>the</span> <span class='ocrx_word' id='word_1_353' title='bbox 1729 2876 1901 2916; x_wconf 86' lang='lat' dir='ltr'>following</span> <span class='ocrx_word' id='word_1_354' title='bbox 1924 2887 2004 2917; x_wconf 88' lang='lat' dir='ltr'>year</span> <span class='ocrx_word' id='word_1_355' title='bbox 2028 2877 2087 2908; x_wconf 89' lang='lat' dir='ltr'>the</span> <span class='ocrx_word' id='word_1_356' title='bbox 2111 2877 2193 2916; x_wconf 85' lang='lat' dir='ltr'>king</span> 
     </span>
     <span class='ocr_line' id='line_1_47' title="bbox 1361 2920 2192 2960; baseline 0 -9"><span class='ocrx_word' id='word_1_357' title='bbox 1361 2920 1505 2959; x_wconf 85' lang='lat' dir='ltr'>granted</span> <span class='ocrx_word' id='word_1_358' title='bbox 1530 2920 1592 2951; x_wconf 90' lang='lat' dir='ltr'>her</span> <span class='ocrx_word' id='word_1_359' title='bbox 1617 2920 1659 2960; x_wconf 86' lang='lat' dir='ltr'>by</span> <span class='ocrx_word' id='word_1_360' title='bbox 1675 2920 1792 2951; x_wconf 83' lang='lat' dir='ltr'>letters</span> <span class='ocrx_word' id='word_1_361' title='bbox 1816 2920 1906 2952; x_wconf 89' lang='lat' dir='ltr'>close</span> <span class='ocrx_word' id='word_1_362' title='bbox 1931 2920 2033 2951; x_wconf 83' lang='lat' dir='ltr'>dated</span> <span class='ocrx_word' id='word_1_363' title='bbox 2051 2921 2091 2951; x_wconf 83' lang='lat'>25</span> <span class='ocrx_word' id='word_1_364' title='bbox 2110 2920 2192 2960; x_wconf 77' lang='lat' dir='ltr'>July</span> 
     </span>
     <span class='ocr_line' id='line_1_48' title="bbox 1359 2963 2189 2996; baseline 0.001 -2"><span class='ocrx_word' id='word_1_365' title='bbox 1359 2965 1443 2994; x_wconf 77' lang='grc'>1252</span> <span class='ocrx_word' id='word_1_366' title='bbox 1473 2963 1569 2995; x_wconf 87' lang='lat' dir='ltr'>three</span> <span class='ocrx_word' id='word_1_367' title='bbox 1594 2963 1700 2995; x_wconf 83' lang='lat' dir='ltr'>bucks</span> <span class='ocrx_word' id='word_1_368' title='bbox 1718 2963 1753 2995; x_wconf 89' lang='lat' dir='ltr'>in</span> <span class='ocrx_word' id='word_1_369' title='bbox 1771 2964 1829 2995; x_wconf 88' lang='lat' dir='ltr'>the</span> <span class='ocrx_word' id='word_1_370' title='bbox 1854 2965 1959 2996; x_wconf 84' lang='lat' dir='ltr'>forest</span> <span class='ocrx_word' id='word_1_371' title='bbox 1983 2964 2018 2995; x_wconf 80' lang='lat' dir='ltr'>of</span> <span class='ocrx_word' id='word_1_372' title='bbox 2042 2964 2189 2995; x_wconf 83' lang='lat' dir='ltr'>Feoken·</span> 
     </span>
     <span class='ocr_line' id='line_1_49' title="bbox 1357 3007 1903 3048; baseline 0.002 -11"><span class='ocrx_word' id='word_1_373' title='bbox 1357 3007 1450 3038; x_wconf 90' lang='lat' dir='ltr'>ham.</span> <span class='ocrx_word' id='word_1_374' title='bbox 1500 3008 1612 3047; x_wconf 85' lang='lat' dir='ltr'>(Close</span> <span class='ocrx_word' id='word_1_375' title='bbox 1629 3007 1706 3038; x_wconf 87' lang='lat' dir='ltr'>Roll</span> <span class='ocrx_word' id='word_1_376' title='bbox 1726 3007 1777 3043; x_wconf 80' lang='lat'>66,</span> <span class='ocrx_word' id='word_1_377' title='bbox 1795 3018 1839 3038; x_wconf 86' lang='lat' dir='ltr'>m.</span> <span class='ocrx_word' id='word_1_378' title='bbox 1858 3009 1903 3048; x_wconf 79' lang='lat'>9.)</span> 
     </span>
    </p>

    <p class='ocr_par' dir='ltr' id='par_1_19' title="bbox 1403 3051 1786 3093">
     <span class='ocr_line' id='line_1_50' title="bbox 1403 3051 1786 3093; baseline 0 -12"><span class='ocrx_word' id='word_1_379' title='bbox 1403 3053 1412 3067; x_wconf 82' lang='lat'>⁷</span> <span class='ocrx_word' id='word_1_380' title='bbox 1439 3053 1478 3082; x_wconf 90' lang='lat'>13</span> <span class='ocrx_word' id='word_1_381' title='bbox 1496 3051 1675 3091; x_wconf 83' lang='lat' dir='ltr'>February</span> <span class='ocrx_word' id='word_1_382' title='bbox 1696 3052 1786 3093; x_wconf 56' lang='lat'>1253.</span> 
     </span>
    </p>

    <p class='ocr_par' dir='ltr' id='par_1_20' title="bbox 1407 3094 1784 3136">
     <span class='ocr_line' id='line_1_51' title="bbox 1407 3094 1784 3136; baseline 0.003 -12"><span class='ocrx_word' id='word_1_383' title='bbox 1407 3096 1417 3110; x_wconf 53' lang='lat'>³</span> <span class='ocrx_word' id='word_1_384' title='bbox 1444 3096 1483 3126; x_wconf 88' lang='lat'>15</span> <span class='ocrx_word' id='word_1_385' title='bbox 1501 3094 1674 3135; x_wconf 88' lang='lat' dir='ltr'>February</span> <span class='ocrx_word' id='word_1_386' title='bbox 1695 3096 1784 3136; x_wconf 55' lang='lat'>1253.</span> 
     </span>
    </p>

    <p class='ocr_par' dir='ltr' id='par_1_21' title="bbox 1405 3138 1785 3180">
     <span class='ocr_line' id='line_1_52' title="bbox 1405 3138 1785 3180; baseline 0 -12"><span class='ocrx_word' id='word_1_387' title='bbox 1405 3139 1416 3155; x_wconf 86' lang='lat'>⁹</span> <span class='ocrx_word' id='word_1_388' title='bbox 1443 3139 1482 3169; x_wconf 91' lang='grc'>16</span> <span class='ocrx_word' id='word_1_389' title='bbox 1500 3138 1676 3178; x_wconf 81' lang='lat' dir='ltr'>February</span> <span class='ocrx_word' id='word_1_390' title='bbox 1695 3140 1785 3180; x_wconf 53' lang='lat'>1253.</span> 
     </span>
    </p>
   </div>
   <div class='ocr_carea' id='block_1_8' title="bbox 1408 3181 2175 3222">
    <p class='ocr_par' dir='ltr' id='par_1_22' title="bbox 1408 3181 2175 3222">
     <span class='ocr_line' id='line_1_53' title="bbox 1408 3181 2175 3222; baseline -0.001 -9"><span class='ocrx_word' id='word_1_391' title='bbox 1408 3183 1430 3199; x_wconf 83' lang='lat'>¹⁰</span> <span class='ocrx_word' id='word_1_392' title='bbox 1456 3182 1518 3213; x_wconf 86' lang='lat' dir='ltr'>See</span> <span class='ocrx_word' id='word_1_393' title='bbox 1537 3192 1567 3221; x_wconf 91' lang='lat' dir='ltr'>p.</span> <span class='ocrx_word' id='word_1_394' title='bbox 1587 3184 1627 3212; x_wconf 78' lang='lat'>33</span> <span class='ocrx_word' id='word_1_395' title='bbox 1647 3182 1762 3213; x_wconf 79' lang='lat' dir='ltr'>above.</span> <span class='ocrx_word' id='word_1_396' title='bbox 1858 3183 1877 3199; x_wconf 90' lang='lat'>¹¹</span> <span class='ocrx_word' id='word_1_397' title='bbox 1906 3183 1946 3212; x_wconf 85' lang='lat'>10</span> <span class='ocrx_word' id='word_1_398' title='bbox 1964 3181 2059 3222; x_wconf 85' lang='lat' dir='ltr'>April</span> <span class='ocrx_word' id='word_1_399' title='bbox 2079 3182 2175 3212; x_wconf 79' lang='lat'>1251.</span> 
     </span>
    </p>
   </div>
  </div>
 </body>
</html>
