2421 3529
485 226 545 269 26
741 237 1050 272 0131110110Χο
1085 236 1224 270 Fami
1260 236 1362 270 THE
1400 235 1591 271 FonnsT
1630 235 1767 269 EYRE
1803 235 1963 269 ROLLs

487 348 600 402 regis
622 363 738 391 nunc
762 351 942 392 fuerunt
979 350 1024 391 in
1055 349 1228 404 seysina
1263 349 1397 391 donec
1421 349 1599 403 quidam
1621 348 1842 391 Walterus
1860 347 1874 370 ¹
1897 348 2014 390 filius
2036 347 2216 390 Roberti

489 420 595 459 tunc
617 421 882 461 senescallus
905 420 1065 462 foreste
1087 419 1133 459 in
1165 418 1378 460 comitatu
1401 418 1543 459 Hunt’
1567 417 1685 471 ipsos
1717 417 1843 459 eiecit
1865 420 1908 459 et
1931 420 2052 459 extra
2073 417 2217 471 ipsam

491 501 772 530 communam
794 491 885 530 toto
908 492 1102 542 tempore
1134 501 1212 529 suo
1235 488 1377 528 tenuit
1397 502 1406 536 ;
1442 490 1484 529 et
1506 486 1803 540 vnusquisque
1836 487 2099 528 senescallus
2121 487 2219 540 post

258 564 453 595 Loquendum·
494 557 682 598 alterum
705 572 842 612 usque
864 571 982 598 nunc
1005 557 1156 598 eodem
1179 557 1323 597 modo.

581 626 740 668 Villate
762 627 813 667 de
835 626 1039 668 Herford’
1064 628 1106 666 et
1133 625 1323 679 Rypton'
1349 625 1479 679 Regis
1512 624 1665 666 dicunt
1688 625 1802 678 quod
1835 625 1975 667 solent
1998 627 2040 666 et
2064 625 2221 666 debent

493 695 655 737 habere
677 709 960 737 communam
981 695 1178 748 herbagii
1200 695 1245 735 in
1270 695 1441 748 Sappel'
1465 709 1514 736 eo
1537 695 1651 748 quod
1683 695 1796 736 dicte
1818 694 1966 736 villate
1988 694 2224 748 aliquando

497 765 676 806 fuerunt
706 764 924 806 dominica
960 763 1160 805 maneria
1193 763 1331 817 regis3
1366 766 1409 805 et
1444 766 1549 805 tunc
1584 777 1840 805 concessum
1874 763 1958 805 fuit
1992 777 2067 816 per
2101 776 2224 815 reges

499 837 796 876 antecessores
838 834 952 887 regis
995 833 1069 887 qui
1110 847 1228 874 nunc
1271 835 1336 875 est
1380 833 1494 886 quod
1540 833 1754 874 haberent
1795 846 2078 874 communam
2121 831 2226 872 dicti

499 903 698 957 herbagii
720 904 863 945 dando
899 903 1000 944 inde
1035 902 1218 956 singulis
1253 903 1381 944 annis
1415 903 1483 944 die
1519 903 1660 944 sancti
1693 902 1905 944 Iohannis
1927 902 2126 955 Baptiste
2147 914 2226 954 pro

503 974 686 1027 singulis
749 975 936 1027 quatuor
994 972 1156 1014 aueriis
1212 987 1349 1013 vnum
1401 972 1633 1014 denarium
1690 972 2000 1013 tantummodo
2019 987 2028 1021 3
2083 973 2125 1012 et
2167 970 2227 1011 sic

501 1043 755 1085 habuerunt
778 1056 1060 1084 communam
1098 1041 1204 1082 dicti
1225 1041 1423 1095 herbagii
1451 1043 1647 1095 tempore
1681 1055 1836 1095 regum
1870 1041 2226 1095 predecessorum

505 1112 672 1153 domini
693 1112 807 1166 regis
830 1112 903 1165 qui
935 1125 1052 1152 nunc
1075 1114 1140 1152 est
1159 1126 1168 1160 3
1203 1115 1245 1152 et
1269 1111 1405 1152 eciam
1437 1124 1553 1152 anno
1587 1110 1700 1164 regis
1732 1124 1850 1151 nunc
1874 1110 2026 1163 quinto
2049 1110 2229 1151 fuerunt

505 1182 606 1223 inde
628 1182 674 1222 in
699 1181 873 1235 seysina
896 1181 1030 1222 donec
1054 1181 1231 1234 quidam
1255 1181 1475 1221 Walterus
1498 1180 1615 1221 filius
1638 1179 1817 1221 Roberti
1838 1182 1943 1220 tunc
1967 1179 2230 1221 senescallus

506 1252 664 1293 foreste
686 1251 731 1291 in
754 1251 838 1292 isto
871 1250 1085 1291 comitatu
1107 1250 1225 1303 ipsos
1258 1249 1382 1290 eiecit
1414 1252 1456 1291 et
1489 1252 1610 1291 extra
1637 1249 1801 1291 dictam
1834 1262 2116 1290 communam
2138 1250 2231 1289 toto

507 1324 701 1375 tempore
725 1335 802 1362 suo
824 1319 966 1361 tenuit
986 1335 995 1368 ;
1031 1322 1073 1360 et
1097 1319 1277 1372 quilibet
1310 1319 1574 1360 senescallus
1596 1319 1893 1372 vnusquisque
1925 1321 2022 1372 post
2044 1319 2232 1359 alterum

274 1407 467 1438 Loqufflmun.
510 1391 661 1433 eodem
684 1390 812 1432 modo
835 1391 953 1443 ipsos
976 1388 1134 1430 tenuit.

597 1460 842 1503 Willelmus
886 1459 937 1500 de
981 1458 1172 1512 Upwode
1214 1457 1421 1499 bailliuus
1462 1457 1728 1500 vicecomitis
1769 1458 1910 1500 Hunt'
1945 1457 2142 1512 queritur
2184 1457 2235 1498 de
2273 1468 2276 1473 ·

511 1530 681 1572 Thoma
699 1529 750 1570 de
772 1528 956 1582 Beyuill’
982 1528 1096 1582 quod
1118 1541 1218 1568 cum
1240 1527 1333 1582 ipse
1355 1542 1430 1582 per
1452 1530 1707 1582 preceptum
1730 1528 2073 1570 iusticiariorum
2094 1527 2235 1569 venis-

513 1601 578 1641 set
594 1598 649 1641 ad
671 1598 851 1640 domum
875 1597 979 1639 dicti
1002 1597 1167 1638 Thome
1190 1597 1245 1639 ad
1267 1597 1413 1651 ipsum
1436 1597 1788 1651 distringendum
1812 1598 1926 1651 quod
1949 1597 2115 1639 veniret
2138 1611 2238 1637 cum

513 1668 668 1710 rotulis
691 1667 830 1721 patris
854 1667 921 1708 sui
944 1667 1141 1709 defuncti
1164 1667 1214 1708 de
1237 1669 1433 1720 tempore
1457 1681 1541 1721 quo
1566 1667 1648 1708 fuit
1670 1667 1907 1709 viridarius
1928 1667 2057 1720 regiS,
2081 1669 2124 1708 et
2146 1667 2239 1720 ipse

515 1737 706 1779 Thomas
728 1750 817 1777 non
840 1737 953 1777 esset
986 1738 1091 1777 tunc
1115 1735 1245 1785 domi,
1270 1736 1375 1776 dixit
1409 1736 1650 1789 Reginaldo
1673 1736 1884 1778 seruienti
1915 1736 2052 1790 ipsius
2076 1736 2240 1777 Thome

516 1806 630 1860 quod
652 1807 831 1847 venerat
864 1804 1087 1846 occasione
1114 1805 1310 1858 predicta
1345 1808 1386 1846 et
1420 1805 1534 1858 quod
1567 1806 1675 1847 scire
1698 1806 1859 1847 faceret
1883 1805 2059 1847 domino
2082 1819 2174 1854 suo,
2199 1807 2241 1845 et

515 1874 693 1917 interim
723 1877 969 1928 expectaret
1002 1874 1054 1915 de
1086 1874 1181 1928 ipsa
1204 1874 1480 1916 districcione
1512 1874 1724 1917 facienda.
1789 1875 1913 1927 Quod
1942 1889 2042 1916 cum
2065 1875 2242 1916 domino

518 1959 596 1986 suo
632 1944 714 1986 hoc
752 1943 860 1985 scire
898 1943 1070 1984 fecisset
1106 1943 1310 1985 dominus
1349 1957 1454 1985 suus
1492 1943 1531 1984 ei
1567 1944 1848 1985 remandauit
1880 1944 1994 1997 quod
2025 1958 2115 1985 non
2146 1957 2241 1997 per-

517 2014 713 2056 mitteret
747 2013 892 2067 ipsum
915 2013 1183 2055 lVillelmum
1206 2013 1399 2066 aliquam
1423 2013 1744 2055 districcionem
1769 2027 1898 2067 super
1920 2013 2065 2067 ipsum
2090 2014 2243 2054 facere.

518 2084 613 2124 Hoc
658 2082 822 2131 audito,
857 2081 998 2123 dictus
1035 2081 1278 2124 Willelmus
1321 2081 1427 2122 dixit
1472 2082 1586 2135 quod
1628 2082 1788 2123 faceret
1830 2082 2153 2123 districcionem
2195 2083 2245 2122 ut

518 2152 641 2206 prius
665 2153 706 2192 et
729 2151 842 2204 cepit
877 2150 984 2192 duos
1017 2164 1149 2204 equos
1187 2151 1411 2192 occasione
1443 2151 1654 2205 predicta.
1716 2151 1776 2193 Et
1814 2151 1956 2192 dictus
1979 2150 2246 2204 Reginaldus

521 2220 717 2262 seruiens
748 2219 853 2261 dicti
877 2220 1041 2261 Thome
1065 2224 1106 2261 et
1131 2220 1379 2262 Gilebertus
1403 2220 1455 2262 de
1478 2220 1639 2274 Upton’
1666 2220 1861 2262 seruiens
1884 2220 2078 2262 eiusdem
2101 2220 2246 2274 ipsum

521 2289 865 2343 insequebantur
888 2292 929 2330 et
953 2289 1090 2330 dictos
1113 2303 1244 2343 equos
1268 2290 1321 2330 ab
1344 2303 1393 2330 eo
1416 2290 1693 2331 abstulerunt
1715 2293 1757 2331 et
1780 2304 1878 2330 eum
1903 2290 2248 2331 uerberauerunt

523 2362 566 2401 et
587 2359 702 2400 male
724 2360 1032 2400 tractauerunt
1055 2361 1208 2399 contra
1229 2372 1382 2412 pacem
1405 2360 1486 2399 etc.
1548 2358 1607 2399 Et
1629 2359 1794 2412 profert
1816 2360 1950 2400 testes
1973 2361 2053 2400 etc.

292 2452 419 2483 imma.
613 2428 770 2469 Postea
814 2427 865 2469 de
913 2427 1030 2470 dicto
1088 2428 1258 2469 Thoma
1315 2431 1357 2469 et
1413 2427 1668 2469 hominibus
1725 2427 1815 2470 suis
1857 2442 1944 2470 vna
1995 2441 2145 2470 marca
2199 2427 2250 2468 de

526 2497 878 2541 amerciamento.

615 2566 675 2607 Et
705 2565 973 2619 Reginaldus
997 2568 1038 2607 et
1062 2565 1310 2608 Gilebertus
1329 2567 1343 2589 2
1364 2564 1547 2607 veniunt
1569 2568 1610 2607 et
1635 2568 1904 2619 cognoscunt
1926 2566 2039 2620 quod
2062 2566 2251 2608 abstule-

291 2661 392 2692 gffll&
527 2638 632 2677 runt
657 2634 793 2676 dictos
822 2648 954 2687 equos
989 2634 1101 2676 sicut
1130 2635 1376 2688 predictum
1406 2636 1486 2684 est,
1510 2634 1606 2676 ideo
1635 2635 1973 2677 committuntur
2005 2635 2052 2676 in
2083 2636 2252 2690 gayola.

528 2705 589 2745 Et
612 2704 754 2745 dictus
778 2703 969 2744 Thomas
991 2703 1022 2756 (j
1041 2708 1205 2754 marca)
1226 2703 1478 2757 manucepit
1493 2717 1639 2745 coram
1656 2704 1909 2746 vicecomite
1923 2705 1977 2746 ad
2000 2705 2252 2746 habendum

530 2774 668 2814 dictos
700 2772 991 2825 Reginaldum
1015 2776 1056 2813 et
1081 2772 1353 2814 Gilebertum
1386 2786 1533 2814 coram
1556 2772 1822 2823 iusticiariis,
1847 2776 1888 2815 et
1911 2788 1999 2815 11011
2021 2774 2176 2816 habuit
2199 2774 2254 2815 ad

293 2852 401 2910 1332—
530 2843 711 2889 horam;
746 2840 841 2881 ideo
879 2840 924 2881 in
962 2841 1272 2882 misericordia.
1346 2841 1406 2882 Et
1448 2844 1547 2895 post
1578 2841 1788 2884 iudicium
1824 2846 2040 2885 venerunt
2072 2843 2256 2897 predicti

396 2904 401 2910 ⁴
531 2910 798 2964 Reginaldus
820 2912 862 2951 et
886 2910 1149 2959 Gilebertus‚
1174 2913 1221 2951 ut
1244 2909 1489 2963 predictum
1512 2914 1590 2952 est.

578 3037 585 3055 ¹
611 3036 721 3067 There
739 3036 767 3067 is
785 3047 828 3068 no
846 3037 1037 3068 enrolment
1060 3038 1095 3068 of
1118 3037 1176 3068 the
1202 3037 1359 3077 0111101111-
1471 3040 1483 3056 ²
1507 3039 1548 3069 In
1580 3039 1676 3078 place
1708 3040 1742 3070 of
1774 3040 1844 3070 this
1875 3040 1965 3071 word
1997 3039 2056 3071 the
2089 3041 2159 3071 MS.
2192 3040 2256 3072 has

531 3084 625 3155 11110111
643 3081 830 3154 Offixiialtffl
855 3081 912 3112 the
939 3092 998 3112 son
1024 3082 1058 3112 of
1082 3082 1205 3113 Robert
1232 3092 1275 3113 011
1301 3082 1358 3113 the
1431 3083 1667 3119 ·Willelmus,'
1689 3084 1799 3115 which
1820 3086 1846 3114 is
1865 3084 2042 3124 obviously
2061 3094 2104 3115 an
2123 3095 2224 3115 error.

560 3130 654 3155 atent
690 3134 720 3155 10
751 3135 776 3155 s.
