2421 3529
551 307 643 353 107
1023 314 1207 350 SELECT
1242 312 1431 349 FOREs'r
1466 311 1815 355 ImouisrsioNs

553 429 789 485 inponebat
804 427 1043 471 forestariis
1066 430 1107 470 et
1129 428 1259 469 Petro
1280 427 1417 480 Welp.
1470 426 1530 467 Et
1552 425 1661 467 bene
1679 423 1822 466 sciunt
1845 422 1958 477 quod
1976 422 2132 464 Petrus
2147 421 2272 474 Welp

553 500 672 542 venit
696 499 746 540 de
761 497 946 540 ceruisia
968 497 1118 538 eadem
1140 497 1249 537 hora
1271 497 1374 537 ante
1390 494 1634 537 Willelmus
1656 492 1770 546 cepit
1792 492 1980 534 eundem
2004 490 2272 533 Galfridum.

553 568 614 611 Et
629 568 797 609 nullam
813 565 1137 620 suspeccionem
1151 564 1315 606 habent
1331 577 1484 605 uersus
1502 562 1689 616 aliquem
1708 562 1776 603 uel
1793 561 1960 615 aliquos
1975 561 2026 603 de
2040 560 2272 602 malefacto

554 637 748 692 predicto
769 635 855 677 nisi
876 648 1028 676 versus
1050 634 1238 675 eundem
1261 632 1511 675 Galfridum
1533 631 1607 685 qui
1629 633 1783 684 captus
1806 632 1885 672 est.

644 706 872 753 Stanerne,
895 702 1054 753 iurata,
1078 702 1182 743 dicit
1204 701 1335 743 idem.

644 773 860 822 Grafton’‚
884 771 1043 822 iurata,
1069 770 1173 812 dicit
1195 770 1325 812 idem.

645 842 845 896 Suburg’,
869 841 1026 890 iurata,
1050 840 1154 882 dicit
1176 840 1307 881 idem.

642 911 860 955 Dominus
907 909 1148 951 Mauricius
1193 908 1441 962 Daundely,
1484 906 1732 957 viridarius,
1781 906 1888 949 dixit
1934 905 2048 961 quod
2093 904 2277 960 predicti

556 982 774 1026 forestarii
806 980 1089 1023 comederunt
1122 979 1273 1020 eodem
1296 978 1364 1019 die
1398 977 1555 1019 Martis
1587 991 1687 1018 cum
1717 976 1905 1018 Radulfo
1937 976 1989 1018 de
2022 975 2273 1018 Craneford’

556 1053 673 1108 apud
696 1049 935 1094 Craneford
958 1051 1000 1090 et
1023 1049 1203 1089 fuerunt
1227 1048 1282 1089 ad
1305 1047 1484 1089 domum
1509 1060 1635 1088 suam
1659 1059 1795 1099 usque
1817 1045 1873 1087 ad
1895 1059 2098 1087 occasum
2121 1045 2237 1086 solis.

643 1121 798 1162 Dictus
822 1117 1046 1160 Galfridus
1079 1116 1241 1158 declixit
1272 1118 1352 1158 etc.
1386 1129 1532 1157 coram
1565 1117 1752 1169 quatuor
1785 1113 2003 1156 viridariis
2026 1115 2068 1155 et
2091 1116 2277 1167 quatuor

555 1190 717 1233 villatis
760 1186 964 1241 quicquid
1005 1185 1127 1239 prius
1170 1185 1337 1226 dixerat
1391 1197 1538 1225 coram
1581 1184 1818 1226 senescallo
1861 1188 1903 1225 et
1955 1182 2194 1224 forestariis
2237 1186 2278 1224 et

557 1262 743 1314 quatuor
775 1255 1024 1304 viridariis;
1059 1257 1101 1296 et
1123 1253 1230 1296 dixit
1264 1253 1378 1307 quod
1410 1253 1656 1295 Willelmus
1691 1252 1743 1293 de
1765 1252 1899 1303 Rode,
1922 1251 1996 1305 qui
2028 1265 2128 1293 eum
2150 1250 2277 1304 cepit,

556 1329 657 1371 fecit
680 1341 781 1370 eum
812 1340 888 1380 per
910 1325 1001 1367 vim
1033 1324 1173 1366 dicere
1204 1323 1285 1365 hoc
1319 1323 1433 1377 quod
1468 1321 1574 1363 dixit
1598 1336 1727 1376 super
1760 1321 2011 1363 forestarios
2034 1322 2076 1363 et
2099 1320 2279 1362 Petrum

556 1399 694 1452 Welp.

645 1467 799 1509 Dictus
833 1463 1057 1507 Galfridus
1092 1462 1353 1505 commissus
1385 1461 1468 1503 fuit
1503 1461 1558 1503 ad
1590 1460 1816 1515 prisonam
1851 1459 2111 1514 Norhampt’
2129 1474 2140 1510 3
2174 1460 2280 1500 tunc

557 1537 795 1580 vicecomes
818 1534 1022 1576 dominus
1039 1532 1051 1555 ¹
1074 1533 1319 1575 Willelmus
1344 1532 1395 1573 de
1417 1531 1585 1573 Insula.

647 1605 816 1648 Catalla
859 1603 951 1644 eius
984 1603 1113 1655 capta
1146 1602 1325 1642 fuerunt
1356 1599 1403 1641 in
1434 1614 1572 1641 manu
1604 1597 1772 1640 domini
1805 1597 1934 1651 regis,
1958 1596 2173 1647 videlicet,
2198 1596 2280 1638 (1116

557 1689 694 1730 parue
725 1675 901 1716 bouette
924 1672 1106 1720 femelle,
1130 1672 1172 1712 et
1195 1672 1382 1724 quatuor
1405 1683 1509 1711 oues
1531 1668 1736 1709 matrices
1759 1668 2006 1716 tondentes,
2030 1669 2072 1708 et
2095 1669 2281 1720 quatuor

560 1814 767 1855 corbelles
813 1812 864 1853 de
905 1810 1050 1864 precio
1092 1809 1136 1864 iij
1177 1809 1218 1850 d.
1301 1808 1362 1850 Et
1408 1808 1643 1850 commissa
1689 1807 1870 1848 fuerunt
1921 1806 2003 1848 toti
2043 1805 2192 1848 villatc
2235 1807 2283 1847 ut

560 1882 854 1936 respondeant
878 1880 929 1921 (le
951 1878 1095 1932 precio
1119 1892 1265 1920 coram
1287 1877 1557 1919 iusticiariis.

651 1951 813 1994 Coreus
846 1949 965 1990 darni
998 1946 1258 1989 commissus
1291 1947 1375 1988 fuit
1398 1946 1600 1988 Geroudo
1634 1944 1723 1987 filio
1745 1943 1926 1987 Roberti
1948 1943 1999 1986 de
2024 1944 2214 1997 Suburg’
2238 1943 2284 1984 in

561 2019 780 2064 Brixstok’
805 2019 860 2060 ad
882 2017 1123 2059 tenendum
1146 2029 1292 2057 coram
1315 2015 1583 2057 iusticiariis.

652 2089 764 2132 Caro
787 2088 889 2130 data
912 2086 995 2127 fuit
1018 2084 1201 2139 leprosis
1223 2098 1301 2138 pro
1324 2084 1474 2125 anima
1497 2081 1665 2125 domini
1687 2081 1816 2134 regis.

653 2159 819 2200 Tamen
849 2158 1026 2210 propter
1049 2153 1375 2207 suspeccionem
1400 2152 1622 2193 Iohannes
1645 2151 1832 2193 Prentut
1854 2150 2026 2192 inuenit
2048 2149 2211 2205 plegios
2235 2149 2287 2192 (16

568 2227 784 2272 veniendo
808 2239 955 2268 coram
977 2223 1244 2272 iusticiariis,
1269 2222 1433 2263 scilicet
1451 2224 1565 2262 ²:—.
1601 2253 1609 2262 .
1644 2252 1653 2262 .
1688 2252 1698 2261 .

654 2296 832 2340 Colinus
850 2294 902 2336 de
918 2291 1198 2347 Geytington’
1212 2291 1384 2334 inuenit
1398 2289 1562 2344 plegios
1577 2288 1849 2331 deveniendo
1860 2302 2006 2331 coram
2021 2287 2288 2338 iusticiariis,

568 2366 759 2409 scilicet2
779 2380 864 2405 :—.
899 2395 908 2404 .
943 2394 951 2403 .

656 2436 812 2478 Petrus
854 2432 977 2487 Welp
1026 2429 1199 2473 inuenit
1255 2428 1420 2484 plegios
1475 2428 1526 2470 de
1579 2427 1794 2471 veniendo
1832 2441 1980 2470 coram
2021 2426 2289 2476 iusticiariis,

568 2504 858 2548 scilicet22-—.
893 2533 902 2542 .
937 2533 946 2542 .
981 2533 991 2542 .

656 2572 878 2614 Iohannes
922 2570 1110 2611 Prentut
1147 2567 1401 2621 manucepit
1440 2567 1655 2609 Thomam
1695 2565 1829 2616 Stule‚
1863 2564 2112 2619 garcionem
2146 2578 2290 2615 suum,

569 2643 621 2685 (16
643 2640 921 2696 producendo
944 2640 1089 2693 ipsum
1112 2638 1285 2692 ubique.

657 2709 903 2752 Tresdeciin
919 2708 1038 2763 porci
1060 2706 1231 2748 inuenti
1250 2706 1428 2747 fuerunt
1450 2704 1567 2758 apud
1583 2703 1799 2746 Brixstok’
1825 2703 1898 2758 qui
1916 2703 2096 2745 fuerunt
2117 2702 2292 2744 Radulfi

571 2783 621 2824 de
645 2777 980 2833 Brixstok,’1qui
1001 2778 1191 2818 rettatus
1214 2775 1298 2817 fuit
1320 2788 1398 2829 pro
1421 2774 1654 2815 malefacto
1677 2787 1777 2814 cum
1799 2773 1967 2814 retibus
1989 2772 2035 2812 111
2059 2772 2221 2813 foresta
2243 2771 2295 2811 de

570 2848 826 2893 Witlewod'.
889 2847 949 2888 Et
987 2845 1170 2899 preciati
1207 2846 1387 2885 fuerunt
1421 2857 1497 2897 per
1535 2844 1723 2896 quatuor
1757 2841 1988 2883 viridarios
2011 2840 2191 2894 quilibet
2213 2854 2294 2893 pro

573 2934 644 2961 sex
686 2916 876 2959 denariis
911 2917 953 2957 et
987 2914 1159 2956 liberati
1182 2914 1360 2954 fuerunt
1398 2911 1591 2953 Henrico
1625 2910 1847 2965 preposito
1884 2912 1927 2951 et
1955 2910 2147 2951 Roberto
2181 2909 2294 2950 Neu-

572 2988 701 3031 bond'
727 2988 774 3029 ut
797 2984 1090 3041 respondeant
1118 2983 1168 3024 de
1190 2982 1333 3037 precio
1356 2995 1507 3024 corum
1530 2994 1676 3023 coram
1699 2979 1967 3021 iusticiariis.

619 3160 628 3177 ἴ
653 3159 805 3190 william
823 3157 863 3189 (16
880 3156 973 3189 I’Isle
1003 3166 1112 3188 seems
1139 3157 1173 3187 to
1201 3153 1288 3186 have
1313 3152 1396 3186 been
1465 3152 1517 3185 till
1536 3153 1575 3184 13
1593 3151 1682 3183 June
1701 3152 1795 3183 1253.
1844 3152 1906 3183 See
1924 3150 2002 3184 Lz‘st
2020 3150 2058 3192 of
2074 3149 2230 3191 Sherz'ffs.

576 3204 694 3235 sherit'f
712 3204 746 3234 of
763 3202 1015 3241 Nortliampton
1035 3202 1121 3231 from
1139 3201 1180 3231 23
1197 3200 1292 3239 April
1312 3201 1396 3230 1252
1509 3199 1520 3215 ²
1544 3197 1676 3228 Twelve
1693 3206 1822 3228 names.
