<?xml version="1.0" encoding="UTF-8"?>
<!DOCTYPE html PUBLIC "-//W3C//DTD XHTML 1.0 Transitional//EN"
    "http://www.w3.org/TR/xhtml1/DTD/xhtml1-transitional.dtd">
<html xmlns="http://www.w3.org/1999/xhtml" xml:lang="en" lang="en">
 <head>
  <title>
</title>
<meta http-equiv="Content-Type" content="text/html;charset=utf-8" />
  <meta name='ocr-system' content='tesseract 3.04.00' />
  <meta name='ocr-capabilities' content='ocr_page ocr_carea ocr_par ocr_line ocrx_word'/>
</head>
<body>
  <div class='ocr_page' id='page_1' title='image "./selectpleasoffor00grearich_0090.png"; bbox 0 0 2421 3529; ppageno 0'>
   <div class='ocr_carea' id='block_1_1' title="bbox 531 237 1592 285">
    <p class='ocr_par' dir='ltr' id='par_1_1' title="bbox 531 237 1592 285">
     <span class='ocr_line' id='line_1_1' title="bbox 531 237 1592 285; baseline -0.005 0"><span class='ocrx_word' id='word_1_1' title='bbox 531 237 685 285; x_wconf 75' lang='lat' dir='ltr'>lxxxii</span> <span class='ocrx_word' id='word_1_2' title='bbox 1211 245 1592 281; x_wconf 70' lang='lat' dir='ltr'>INTRODUCTION</span> 
     </span>
    </p>
   </div>
   <div class='ocr_carea' id='block_1_2' title="bbox 535 353 2262 484">
    <p class='ocr_par' dir='ltr' id='par_1_2' title="bbox 535 353 2262 484">
     <span class='ocr_line' id='line_1_2' title="bbox 621 353 2262 414; baseline -0.004 -12"><span class='ocrx_word' id='word_1_3' title='bbox 621 361 712 403; x_wconf 85' lang='lat' dir='ltr'>The</span> <span class='ocrx_word' id='word_1_4' title='bbox 754 359 972 414; x_wconf 83' lang='lat' dir='ltr'>following</span> <span class='ocrx_word' id='word_1_5' title='bbox 1023 373 1096 401; x_wconf 87' lang='lat' dir='ltr'>are</span> <span class='ocrx_word' id='word_1_6' title='bbox 1149 372 1269 401; x_wconf 88' lang='lat' dir='ltr'>some</span> <span class='ocrx_word' id='word_1_7' title='bbox 1312 358 1481 400; x_wconf 79' lang='lat' dir='ltr'>further</span> <span class='ocrx_word' id='word_1_8' title='bbox 1524 356 1744 411; x_wconf 86' lang='lat' dir='ltr'>examples</span> <span class='ocrx_word' id='word_1_9' title='bbox 1786 355 1832 398; x_wconf 89' lang='lat' dir='ltr'>of</span> <span class='ocrx_word' id='word_1_10' title='bbox 1870 353 2032 397; x_wconf 87' lang='lat' dir='ltr'>entries</span> <span class='ocrx_word' id='word_1_11' title='bbox 2075 354 2118 396; x_wconf 81' lang='lat' dir='ltr'>of</span> <span class='ocrx_word' id='word_1_12' title='bbox 2159 353 2262 396; x_wconf 88' lang='lat' dir='ltr'>New</span> 
     </span>
     <span class='ocr_line' id='line_1_3' title="bbox 535 430 880 484; baseline -0.006 -12"><span class='ocrx_word' id='word_1_13' title='bbox 535 430 850 484; x_wconf 86' lang='lat' dir='ltr'>Purprestures</span> <span class='ocrx_word' id='word_1_14' title='bbox 871 446 880 470; x_wconf 72' lang='grc' dir='ltr'>ε</span> 
     </span>
    </p>
   </div>
   <div class='ocr_carea' id='block_1_3' title="bbox 1115 526 1703 571">
    <p class='ocr_par' dir='ltr' id='par_1_3' title="bbox 1115 526 1703 571">
     <span class='ocr_line' id='line_1_4' title="bbox 1115 526 1703 571; baseline -0.003 -7"><span class='ocrx_word' id='word_1_15' title='bbox 1115 529 1180 564; x_wconf 88' lang='lat' dir='ltr'>De</span> <span class='ocrx_word' id='word_1_16' title='bbox 1205 527 1338 563; x_wconf 79' lang='lat' dir='ltr'>nouis</span> <span class='ocrx_word' id='word_1_17' title='bbox 1362 526 1703 571; x_wconf 77' lang='lat' dir='ltr'>purpresturis.¹</span> 
     </span>
    </p>
   </div>
   <div class='ocr_carea' id='block_1_4' title="bbox 537 608 2271 1501">
    <p class='ocr_par' dir='ltr' id='par_1_4' title="bbox 537 608 2264 781">
     <span class='ocr_line' id='line_1_5' title="bbox 614 608 2264 661; baseline -0.004 -9"><span class='ocrx_word' id='word_1_18' title='bbox 614 613 809 652; x_wconf 82' lang='lat' dir='ltr'>Ricardus</span> <span class='ocrx_word' id='word_1_19' title='bbox 844 612 1090 651; x_wconf 83' lang='lat' dir='ltr'>Carettarius</span> <span class='ocrx_word' id='word_1_20' title='bbox 1118 612 1212 650; x_wconf 86' lang='lat' dir='ltr'>fecit</span> <span class='ocrx_word' id='word_1_21' title='bbox 1242 611 1445 661; x_wconf 82' lang='lat' dir='ltr'>quandam</span> <span class='ocrx_word' id='word_1_22' title='bbox 1480 613 1782 660; x_wconf 84' lang='lat' dir='ltr'>purpresturam</span> <span class='ocrx_word' id='word_1_23' title='bbox 1816 609 1922 658; x_wconf 88' lang='lat' dir='ltr'>apud</span> <span class='ocrx_word' id='word_1_24' title='bbox 1957 608 2182 647; x_wconf 79' lang='lat' dir='ltr'>Samburne</span> <span class='ocrx_word' id='word_1_25' title='bbox 2216 608 2264 647; x_wconf 91' lang='lat' dir='ltr'>de</span> 
     </span>
     <span class='ocr_line' id='line_1_6' title="bbox 537 669 2264 719; baseline -0.004 -6"><span class='ocrx_word' id='word_1_26' title='bbox 537 687 642 713; x_wconf 88' lang='lat' dir='ltr'>nouo</span> <span class='ocrx_word' id='word_1_27' title='bbox 663 675 710 712; x_wconf 87' lang='lat' dir='ltr'>de</span> <span class='ocrx_word' id='word_1_28' title='bbox 730 674 844 712; x_wconf 85' lang='lat' dir='ltr'>feodo</span> <span class='ocrx_word' id='word_1_29' title='bbox 864 673 1020 711; x_wconf 82' lang='lat' dir='ltr'>abbatis</span> <span class='ocrx_word' id='word_1_30' title='bbox 1041 673 1087 710; x_wconf 87' lang='lat' dir='ltr'>de</span> <span class='ocrx_word' id='word_1_31' title='bbox 1108 671 1316 710; x_wconf 84' lang='lat' dir='ltr'>Euesham</span> <span class='ocrx_word' id='word_1_32' title='bbox 1335 684 1342 717; x_wconf 93' lang='grc'>;</span> <span class='ocrx_word' id='word_1_33' title='bbox 1375 674 1413 709; x_wconf 92' lang='lat' dir='ltr'>et</span> <span class='ocrx_word' id='word_1_34' title='bbox 1442 671 1585 709; x_wconf 80' lang='lat' dir='ltr'>clausit</span> <span class='ocrx_word' id='word_1_35' title='bbox 1605 671 1756 709; x_wconf 80' lang='lat' dir='ltr'>fossato</span> <span class='ocrx_word' id='word_1_36' title='bbox 1776 673 1815 708; x_wconf 87' lang='lat' dir='ltr'>et</span> <span class='ocrx_word' id='word_1_37' title='bbox 1842 670 1946 719; x_wconf 85' lang='lat' dir='ltr'>haya</span> <span class='ocrx_word' id='word_1_38' title='bbox 1967 669 2052 708; x_wconf 86' lang='lat' dir='ltr'>sine</span> <span class='ocrx_word' id='word_1_39' title='bbox 2073 672 2264 708; x_wconf 85' lang='lat' dir='ltr'>waranto.</span> 
     </span>
     <span class='ocr_line' id='line_1_7' title="bbox 537 733 1558 781; baseline -0.004 -8"><span class='ocrx_word' id='word_1_40' title='bbox 537 735 632 773; x_wconf 89' lang='lat' dir='ltr'>Ideo</span> <span class='ocrx_word' id='word_1_41' title='bbox 652 736 693 772; x_wconf 89' lang='lat' dir='ltr'>in</span> <span class='ocrx_word' id='word_1_42' title='bbox 714 734 999 772; x_wconf 68' lang='lat' dir='ltr'>misericordia.</span> <span class='ocrx_word' id='word_1_43' title='bbox 1058 733 1250 771; x_wconf 87' lang='lat' dir='ltr'>Clausum</span> <span class='ocrx_word' id='word_1_44' title='bbox 1271 735 1558 781; x_wconf 75' lang='lat' dir='ltr'>prosternatur.</span> 
     </span>
    </p>

    <p class='ocr_par' dir='ltr' id='par_1_5' title="bbox 539 789 2267 961">
     <span class='ocr_line' id='line_1_8' title="bbox 617 789 2266 844; baseline -0.004 -10"><span class='ocrx_word' id='word_1_45' title='bbox 617 795 814 834; x_wconf 84' lang='lat' dir='ltr'>Robertus</span> <span class='ocrx_word' id='word_1_46' title='bbox 846 795 892 833; x_wconf 88' lang='lat' dir='ltr'>de</span> <span class='ocrx_word' id='word_1_47' title='bbox 924 795 1017 843; x_wconf 89' lang='lat' dir='ltr'>Mep</span> <span class='ocrx_word' id='word_1_48' title='bbox 1051 794 1262 844; x_wconf 89' lang='lat' dir='ltr'>occupauit</span> <span class='ocrx_word' id='word_1_49' title='bbox 1295 793 1342 831; x_wconf 87' lang='lat' dir='ltr'>de</span> <span class='ocrx_word' id='word_1_50' title='bbox 1373 806 1479 831; x_wconf 87' lang='lat' dir='ltr'>nouo</span> <span class='ocrx_word' id='word_1_51' title='bbox 1510 793 1616 841; x_wconf 88' lang='lat' dir='ltr'>apud</span> <span class='ocrx_word' id='word_1_52' title='bbox 1646 791 1783 840; x_wconf 88' lang='lat' dir='ltr'>Ippele</span> <span class='ocrx_word' id='word_1_53' title='bbox 1816 790 2025 828; x_wconf 76' lang='lat' dir='ltr'>dimidiam</span> <span class='ocrx_word' id='word_1_54' title='bbox 2056 802 2190 828; x_wconf 89' lang='lat' dir='ltr'>acram</span> <span class='ocrx_word' id='word_1_55' title='bbox 2219 789 2266 828; x_wconf 88' lang='lat' dir='ltr'>de</span> 
     </span>
     <span class='ocr_line' id='line_1_9' title="bbox 540 851 2267 902; baseline -0.003 -9"><span class='ocrx_word' id='word_1_56' title='bbox 540 856 654 895; x_wconf 79' lang='lat' dir='ltr'>feodo</span> <span class='ocrx_word' id='word_1_57' title='bbox 675 855 841 893; x_wconf 88' lang='lat' dir='ltr'>Henrici</span> <span class='ocrx_word' id='word_1_58' title='bbox 863 854 1063 899; x_wconf 83' lang='lat' dir='ltr'>Hubaud;</span> <span class='ocrx_word' id='word_1_59' title='bbox 1093 857 1131 892; x_wconf 90' lang='lat' dir='ltr'>et</span> <span class='ocrx_word' id='word_1_60' title='bbox 1152 853 1297 892; x_wconf 89' lang='lat' dir='ltr'>clausit</span> <span class='ocrx_word' id='word_1_61' title='bbox 1317 853 1466 891; x_wconf 86' lang='lat' dir='ltr'>fossato</span> <span class='ocrx_word' id='word_1_62' title='bbox 1487 856 1525 891; x_wconf 87' lang='lat' dir='ltr'>et</span> <span class='ocrx_word' id='word_1_63' title='bbox 1545 853 1650 902; x_wconf 81' lang='lat' dir='ltr'>haya</span> <span class='ocrx_word' id='word_1_64' title='bbox 1671 852 1756 889; x_wconf 88' lang='lat' dir='ltr'>sine</span> <span class='ocrx_word' id='word_1_65' title='bbox 1777 853 1969 889; x_wconf 85' lang='lat' dir='ltr'>waranto.</span> <span class='ocrx_word' id='word_1_66' title='bbox 2009 851 2064 888; x_wconf 87' lang='lat' dir='ltr'>Et</span> <span class='ocrx_word' id='word_1_67' title='bbox 2083 853 2267 889; x_wconf 87' lang='lat' dir='ltr'>mortuus</span> 
     </span>
     <span class='ocr_line' id='line_1_10' title="bbox 539 914 1860 961; baseline -0.005 -6"><span class='ocrx_word' id='word_1_68' title='bbox 539 920 612 955; x_wconf 89' lang='lat' dir='ltr'>est.</span> <span class='ocrx_word' id='word_1_69' title='bbox 668 915 796 954; x_wconf 88' lang='lat' dir='ltr'>Alicia</span> <span class='ocrx_word' id='word_1_70' title='bbox 818 928 915 953; x_wconf 81' lang='lat' dir='ltr'>uxor</span> <span class='ocrx_word' id='word_1_71' title='bbox 935 916 1019 953; x_wconf 87' lang='lat' dir='ltr'>eius</span> <span class='ocrx_word' id='word_1_72' title='bbox 1040 915 1158 953; x_wconf 88' lang='lat' dir='ltr'>modo</span> <span class='ocrx_word' id='word_1_73' title='bbox 1180 917 1300 953; x_wconf 90' lang='lat' dir='ltr'>tenet.</span> <span class='ocrx_word' id='word_1_74' title='bbox 1358 914 1552 952; x_wconf 84' lang='lat' dir='ltr'>Clausum</span> <span class='ocrx_word' id='word_1_75' title='bbox 1572 914 1860 961; x_wconf 73' lang='lat' dir='ltr'>prosternatur.</span> 
     </span>
    </p>

    <p class='ocr_par' dir='ltr' id='par_1_6' title="bbox 538 972 2269 1197">
     <span class='ocr_line' id='line_1_11' title="bbox 618 972 2268 1026; baseline -0.004 -11"><span class='ocrx_word' id='word_1_76' title='bbox 618 977 813 1016; x_wconf 83' lang='lat' dir='ltr'>Ricardus</span> <span class='ocrx_word' id='word_1_77' title='bbox 842 978 889 1015; x_wconf 87' lang='lat' dir='ltr'>de</span> <span class='ocrx_word' id='word_1_78' title='bbox 918 977 956 1015; x_wconf 89' lang='lat' dir='ltr'>la</span> <span class='ocrx_word' id='word_1_79' title='bbox 986 976 1181 1026; x_wconf 82' lang='lat' dir='ltr'>Rudynge</span> <span class='ocrx_word' id='word_1_80' title='bbox 1210 975 1420 1024; x_wconf 86' lang='lat' dir='ltr'>occupauit</span> <span class='ocrx_word' id='word_1_81' title='bbox 1447 975 1553 1024; x_wconf 86' lang='lat' dir='ltr'>apud</span> <span class='ocrx_word' id='word_1_82' title='bbox 1570 974 1744 1012; x_wconf 89' lang='lat' dir='ltr'>Hamme</span> <span class='ocrx_word' id='word_1_83' title='bbox 1764 986 1889 1011; x_wconf 86' lang='lat' dir='ltr'>unam</span> <span class='ocrx_word' id='word_1_84' title='bbox 1908 972 2146 1022; x_wconf 85' lang='lat' dir='ltr'>perticatam</span> <span class='ocrx_word' id='word_1_85' title='bbox 2166 974 2268 1010; x_wconf 85' lang='lat' dir='ltr'>terre</span> 
     </span>
     <span class='ocr_line' id='line_1_12' title="bbox 538 1032 2269 1087; baseline -0.005 -10"><span class='ocrx_word' id='word_1_86' title='bbox 538 1038 579 1077; x_wconf 88' lang='lat' dir='ltr'>in</span> <span class='ocrx_word' id='word_1_87' title='bbox 609 1038 860 1087; x_wconf 70' lang='lat' dir='ltr'>longitudine</span> <span class='ocrx_word' id='word_1_88' title='bbox 880 1040 918 1076; x_wconf 78' lang='lat' dir='ltr'>et</span> <span class='ocrx_word' id='word_1_89' title='bbox 939 1040 1099 1075; x_wconf 86' lang='lat' dir='ltr'>tantum</span> <span class='ocrx_word' id='word_1_90' title='bbox 1118 1037 1160 1074; x_wconf 84' lang='lat' dir='ltr'>in</span> <span class='ocrx_word' id='word_1_91' title='bbox 1180 1035 1392 1074; x_wconf 87' lang='lat' dir='ltr'>latitudine</span> <span class='ocrx_word' id='word_1_92' title='bbox 1413 1035 1460 1073; x_wconf 89' lang='lat' dir='ltr'>de</span> <span class='ocrx_word' id='word_1_93' title='bbox 1481 1035 1564 1073; x_wconf 87' lang='lat' dir='ltr'>solo</span> <span class='ocrx_word' id='word_1_94' title='bbox 1584 1033 1737 1072; x_wconf 88' lang='lat' dir='ltr'>domini</span> <span class='ocrx_word' id='word_1_95' title='bbox 1765 1033 1869 1083; x_wconf 84' lang='lat' dir='ltr'>regis</span> <span class='ocrx_word' id='word_1_96' title='bbox 1886 1046 1892 1078; x_wconf 94' lang='lat'>;</span> <span class='ocrx_word' id='word_1_97' title='bbox 1924 1035 1963 1071; x_wconf 91' lang='lat' dir='ltr'>et</span> <span class='ocrx_word' id='word_1_98' title='bbox 1992 1032 2136 1071; x_wconf 89' lang='lat' dir='ltr'>clausit</span> <span class='ocrx_word' id='word_1_99' title='bbox 2164 1032 2269 1081; x_wconf 83' lang='lat' dir='ltr'>haya</span> 
     </span>
     <span class='ocr_line' id='line_1_13' title="bbox 540 1093 2268 1144; baseline -0.004 -7"><span class='ocrx_word' id='word_1_100' title='bbox 540 1099 625 1138; x_wconf 86' lang='lat' dir='ltr'>sine</span> <span class='ocrx_word' id='word_1_101' title='bbox 656 1102 834 1137; x_wconf 88' lang='lat' dir='ltr'>waranto</span> <span class='ocrx_word' id='word_1_102' title='bbox 851 1112 857 1143; x_wconf 92' lang='lat'>;</span> <span class='ocrx_word' id='word_1_103' title='bbox 895 1098 984 1136; x_wconf 86' lang='lat' dir='ltr'>ideo</span> <span class='ocrx_word' id='word_1_104' title='bbox 1016 1098 1058 1135; x_wconf 92' lang='lat' dir='ltr'>in</span> <span class='ocrx_word' id='word_1_105' title='bbox 1089 1095 1372 1135; x_wconf 76' lang='lat' dir='ltr'>misericordia.</span> <span class='ocrx_word' id='word_1_106' title='bbox 1445 1096 1566 1133; x_wconf 84' lang='lat' dir='ltr'>Terra</span> <span class='ocrx_word' id='word_1_107' title='bbox 1603 1094 1796 1144; x_wconf 75' lang='lat' dir='ltr'>capiatur.</span> <span class='ocrx_word' id='word_1_108' title='bbox 1867 1093 2059 1132; x_wconf 87' lang='lat' dir='ltr'>Clausum</span> <span class='ocrx_word' id='word_1_109' title='bbox 2097 1095 2268 1142; x_wconf 87' lang='lat' dir='ltr'>proster-</span> 
     </span>
     <span class='ocr_line' id='line_1_14' title="bbox 540 1162 672 1197; baseline 0.008 -1"><span class='ocrx_word' id='word_1_110' title='bbox 540 1162 672 1197; x_wconf 85' lang='lat' dir='ltr'>natur.</span> 
     </span>
    </p>

    <p class='ocr_par' dir='ltr' id='par_1_7' title="bbox 541 1212 2270 1325">
     <span class='ocr_line' id='line_1_15' title="bbox 621 1212 2270 1266; baseline -0.004 -9"><span class='ocrx_word' id='word_1_111' title='bbox 621 1221 655 1257; x_wconf 90' lang='lat' dir='ltr'>N</span> <span class='ocrx_word' id='word_1_112' title='bbox 660 1219 840 1258; x_wconf 86' lang='lat' dir='ltr'>icholaus</span> <span class='ocrx_word' id='word_1_113' title='bbox 860 1219 967 1256; x_wconf 85' lang='lat' dir='ltr'>filius</span> <span class='ocrx_word' id='word_1_114' title='bbox 989 1216 1207 1256; x_wconf 86' lang='lat' dir='ltr'>Theobaldi</span> <span class='ocrx_word' id='word_1_115' title='bbox 1228 1217 1275 1255; x_wconf 88' lang='lat' dir='ltr'>de</span> <span class='ocrx_word' id='word_1_116' title='bbox 1295 1216 1411 1266; x_wconf 89' lang='lat' dir='ltr'>Pyrie</span> <span class='ocrx_word' id='word_1_117' title='bbox 1431 1215 1641 1264; x_wconf 86' lang='lat' dir='ltr'>occupauit</span> <span class='ocrx_word' id='word_1_118' title='bbox 1661 1227 1785 1252; x_wconf 88' lang='lat' dir='ltr'>unam</span> <span class='ocrx_word' id='word_1_119' title='bbox 1806 1227 1940 1253; x_wconf 89' lang='lat' dir='ltr'>acram</span> <span class='ocrx_word' id='word_1_120' title='bbox 1961 1214 2067 1263; x_wconf 87' lang='lat' dir='ltr'>apud</span> <span class='ocrx_word' id='word_1_121' title='bbox 2086 1213 2117 1250; x_wconf 83' lang='lat' dir='ltr'>P</span> <span class='ocrx_word' id='word_1_122' title='bbox 2120 1213 2202 1263; x_wconf 76' lang='lat' dir='ltr'>yrie</span> <span class='ocrx_word' id='word_1_123' title='bbox 2222 1212 2270 1251; x_wconf 86' lang='lat' dir='ltr'>de</span> 
     </span>
     <span class='ocr_line' id='line_1_16' title="bbox 541 1275 2269 1325; baseline -0.004 -6"><span class='ocrx_word' id='word_1_124' title='bbox 541 1281 655 1319; x_wconf 83' lang='lat' dir='ltr'>feodo</span> <span class='ocrx_word' id='word_1_125' title='bbox 675 1281 853 1319; x_wconf 86' lang='lat' dir='ltr'>eiusdem</span> <span class='ocrx_word' id='word_1_126' title='bbox 875 1279 1107 1318; x_wconf 79' lang='lat' dir='ltr'>Theobaldi.</span> <span class='ocrx_word' id='word_1_127' title='bbox 1164 1279 1219 1316; x_wconf 81' lang='lat' dir='ltr'>Et</span> <span class='ocrx_word' id='word_1_128' title='bbox 1239 1290 1320 1316; x_wconf 88' lang='lat' dir='ltr'>non</span> <span class='ocrx_word' id='word_1_129' title='bbox 1341 1277 1486 1315; x_wconf 86' lang='lat' dir='ltr'>clausit</span> <span class='ocrx_word' id='word_1_130' title='bbox 1498 1277 1586 1314; x_wconf 88' lang='lat' dir='ltr'>ideo</span> <span class='ocrx_word' id='word_1_131' title='bbox 1606 1276 1764 1325; x_wconf 87' lang='lat' dir='ltr'>quietus</span> <span class='ocrx_word' id='word_1_132' title='bbox 1777 1279 1815 1314; x_wconf 88' lang='lat' dir='ltr'>et</span> <span class='ocrx_word' id='word_1_133' title='bbox 1836 1279 1970 1314; x_wconf 89' lang='lat' dir='ltr'>teneat</span> <span class='ocrx_word' id='word_1_134' title='bbox 1987 1276 2124 1314; x_wconf 89' lang='lat' dir='ltr'>eodem</span> <span class='ocrx_word' id='word_1_135' title='bbox 2137 1275 2269 1313; x_wconf 90' lang='lat' dir='ltr'>modo.</span> 
     </span>
    </p>

    <p class='ocr_par' dir='ltr' id='par_1_8' title="bbox 543 1335 2271 1501">
     <span class='ocr_line' id='line_1_17' title="bbox 625 1335 2271 1391; baseline -0.004 -12"><span class='ocrx_word' id='word_1_136' title='bbox 625 1342 776 1391; x_wconf 72' lang='lat' dir='ltr'>Syrnon</span> <span class='ocrx_word' id='word_1_137' title='bbox 794 1341 921 1390; x_wconf 81' lang='lat' dir='ltr'>Aleyn</span> <span class='ocrx_word' id='word_1_138' title='bbox 942 1340 1153 1388; x_wconf 88' lang='lat' dir='ltr'>occupauit</span> <span class='ocrx_word' id='word_1_139' title='bbox 1172 1352 1297 1376; x_wconf 86' lang='lat' dir='ltr'>unam</span> <span class='ocrx_word' id='word_1_140' title='bbox 1317 1338 1555 1387; x_wconf 83' lang='lat' dir='ltr'>perticatam</span> <span class='ocrx_word' id='word_1_141' title='bbox 1573 1340 1676 1375; x_wconf 89' lang='lat' dir='ltr'>terre</span> <span class='ocrx_word' id='word_1_142' title='bbox 1696 1337 1802 1386; x_wconf 88' lang='lat' dir='ltr'>apud</span> <span class='ocrx_word' id='word_1_143' title='bbox 1817 1335 2047 1386; x_wconf 82' lang='lat' dir='ltr'>Oddyngele</span> <span class='ocrx_word' id='word_1_144' title='bbox 2068 1338 2106 1373; x_wconf 88' lang='lat' dir='ltr'>et</span> <span class='ocrx_word' id='word_1_145' title='bbox 2127 1335 2271 1373; x_wconf 88' lang='lat' dir='ltr'>clausit</span> 
     </span>
     <span class='ocr_line' id='line_1_18' title="bbox 543 1396 2269 1450; baseline -0.003 -10"><span class='ocrx_word' id='word_1_146' title='bbox 543 1402 692 1440; x_wconf 82' lang='lat' dir='ltr'>fossato</span> <span class='ocrx_word' id='word_1_147' title='bbox 713 1404 751 1439; x_wconf 88' lang='lat' dir='ltr'>et</span> <span class='ocrx_word' id='word_1_148' title='bbox 772 1401 876 1450; x_wconf 81' lang='lat' dir='ltr'>haya</span> <span class='ocrx_word' id='word_1_149' title='bbox 907 1401 990 1438; x_wconf 84' lang='lat' dir='ltr'>sine</span> <span class='ocrx_word' id='word_1_150' title='bbox 1012 1403 1214 1444; x_wconf 84' lang='lat' dir='ltr'>waranto;</span> <span class='ocrx_word' id='word_1_151' title='bbox 1245 1399 1333 1436; x_wconf 87' lang='lat' dir='ltr'>ideo</span> <span class='ocrx_word' id='word_1_152' title='bbox 1353 1398 1395 1435; x_wconf 90' lang='lat' dir='ltr'>in</span> <span class='ocrx_word' id='word_1_153' title='bbox 1417 1396 1703 1435; x_wconf 79' lang='lat' dir='ltr'>misericordia.</span> <span class='ocrx_word' id='word_1_154' title='bbox 1760 1396 1953 1435; x_wconf 87' lang='lat' dir='ltr'>Clausum</span> <span class='ocrx_word' id='word_1_155' title='bbox 1981 1398 2269 1446; x_wconf 82' lang='lat' dir='ltr'>prosternatur.</span> 
     </span>
     <span class='ocr_line' id='line_1_19' title="bbox 543 1459 1532 1501; baseline -0.006 0"><span class='ocrx_word' id='word_1_156' title='bbox 543 1462 598 1501; x_wconf 83' lang='lat' dir='ltr'>Et</span> <span class='ocrx_word' id='word_1_157' title='bbox 618 1463 848 1501; x_wconf 88' lang='lat' dir='ltr'>conceditur</span> <span class='ocrx_word' id='word_1_158' title='bbox 868 1461 902 1500; x_wconf 88' lang='lat' dir='ltr'>ei</span> <span class='ocrx_word' id='word_1_159' title='bbox 923 1463 967 1499; x_wconf 83' lang='lat' dir='ltr'>ut</span> <span class='ocrx_word' id='word_1_160' title='bbox 988 1461 1130 1499; x_wconf 86' lang='lat' dir='ltr'>domus</span> <span class='ocrx_word' id='word_1_161' title='bbox 1150 1463 1189 1497; x_wconf 93' lang='lat' dir='ltr'>et</span> <span class='ocrx_word' id='word_1_162' title='bbox 1209 1459 1392 1497; x_wconf 86' lang='lat' dir='ltr'>clausum</span> <span class='ocrx_word' id='word_1_163' title='bbox 1413 1461 1532 1497; x_wconf 88' lang='lat' dir='ltr'>stent.</span> 
     </span>
    </p>
   </div>
   <div class='ocr_carea' id='block_1_5' title="bbox 544 1549 2272 2011">
    <p class='ocr_par' dir='ltr' id='par_1_9' title="bbox 544 1549 2272 2011">
     <span class='ocr_line' id='line_1_20' title="bbox 631 1549 2272 1606; baseline -0.003 -9"><span class='ocrx_word' id='word_1_164' title='bbox 631 1554 790 1598; x_wconf 87' lang='lat' dir='ltr'>Where</span> <span class='ocrx_word' id='word_1_165' title='bbox 832 1554 955 1596; x_wconf 85' lang='lat' dir='ltr'>there</span> <span class='ocrx_word' id='word_1_166' title='bbox 997 1567 1084 1594; x_wconf 85' lang='lat' dir='ltr'>was</span> <span class='ocrx_word' id='word_1_167' title='bbox 1127 1566 1151 1593; x_wconf 86' lang='lat' dir='ltr'>a</span> <span class='ocrx_word' id='word_1_168' title='bbox 1203 1555 1488 1606; x_wconf 87' lang='lat' dir='ltr'>purpresture</span> <span class='ocrx_word' id='word_1_169' title='bbox 1530 1551 1587 1604; x_wconf 85' lang='lat' dir='ltr'>by</span> <span class='ocrx_word' id='word_1_170' title='bbox 1629 1550 1841 1592; x_wconf 82' lang='lat' dir='ltr'>unlawful</span> <span class='ocrx_word' id='word_1_171' title='bbox 1882 1549 2154 1600; x_wconf 84' lang='lat' dir='ltr'>cultivation,</span> <span class='ocrx_word' id='word_1_172' title='bbox 2197 1550 2272 1592; x_wconf 88' lang='lat' dir='ltr'>the</span> 
     </span>
     <span class='ocr_line' id='line_1_21' title="bbox 544 1619 2272 1678; baseline -0.003 -12"><span class='ocrx_word' id='word_1_173' title='bbox 544 1627 788 1678; x_wconf 86' lang='lat' dir='ltr'>trespasser</span> <span class='ocrx_word' id='word_1_174' title='bbox 825 1637 912 1665; x_wconf 90' lang='lat' dir='ltr'>was</span> <span class='ocrx_word' id='word_1_175' title='bbox 946 1622 1122 1675; x_wconf 77' lang='lat' dir='ltr'>usually</span> <span class='ocrx_word' id='word_1_176' title='bbox 1156 1621 1392 1675; x_wconf 78' lang='lat' dir='ltr'>permitted</span> <span class='ocrx_word' id='word_1_177' title='bbox 1430 1622 1475 1661; x_wconf 92' lang='lat' dir='ltr'>to</span> <span class='ocrx_word' id='word_1_178' title='bbox 1512 1619 1721 1661; x_wconf 89' lang='lat' dir='ltr'>continue</span> <span class='ocrx_word' id='word_1_179' title='bbox 1756 1620 2023 1673; x_wconf 83' lang='lat' dir='ltr'>cultivating</span> <span class='ocrx_word' id='word_1_180' title='bbox 2063 1619 2133 1660; x_wconf 89' lang='lat' dir='ltr'>his</span> <span class='ocrx_word' id='word_1_181' title='bbox 2167 1620 2272 1661; x_wconf 89' lang='lat' dir='ltr'>land</span> 
     </span>
     <span class='ocr_line' id='line_1_22' title="bbox 545 1689 2270 1747; baseline -0.003 -11"><span class='ocrx_word' id='word_1_182' title='bbox 545 1694 712 1747; x_wconf 82' lang='lat' dir='ltr'>subject</span> <span class='ocrx_word' id='word_1_183' title='bbox 746 1696 792 1734; x_wconf 89' lang='lat' dir='ltr'>to</span> <span class='ocrx_word' id='word_1_184' title='bbox 825 1692 896 1733; x_wconf 89' lang='lat' dir='ltr'>his</span> <span class='ocrx_word' id='word_1_185' title='bbox 933 1691 1197 1743; x_wconf 79' lang='lat' dir='ltr'>accounting</span> <span class='ocrx_word' id='word_1_186' title='bbox 1231 1690 1296 1731; x_wconf 84' lang='lat' dir='ltr'>for</span> <span class='ocrx_word' id='word_1_187' title='bbox 1331 1690 1404 1731; x_wconf 89' lang='lat' dir='ltr'>the</span> <span class='ocrx_word' id='word_1_188' title='bbox 1439 1703 1564 1743; x_wconf 87' lang='lat' dir='ltr'>crops</span> <span class='ocrx_word' id='word_1_189' title='bbox 1600 1703 1648 1730; x_wconf 85' lang='lat' dir='ltr'>as</span> <span class='ocrx_word' id='word_1_190' title='bbox 1686 1689 1732 1729; x_wconf 88' lang='lat' dir='ltr'>in</span> <span class='ocrx_word' id='word_1_191' title='bbox 1768 1689 1843 1730; x_wconf 90' lang='lat' dir='ltr'>the</span> <span class='ocrx_word' id='word_1_192' title='bbox 1878 1703 1976 1731; x_wconf 89' lang='lat' dir='ltr'>case</span> <span class='ocrx_word' id='word_1_193' title='bbox 2011 1689 2057 1730; x_wconf 81' lang='lat' dir='ltr'>of</span> <span class='ocrx_word' id='word_1_194' title='bbox 2091 1692 2270 1730; x_wconf 83' lang='lat' dir='ltr'>assarts.</span> 
     </span>
     <span class='ocr_line' id='line_1_23' title="bbox 546 1758 2272 1814; baseline -0.002 -12"><span class='ocrx_word' id='word_1_195' title='bbox 546 1763 666 1803; x_wconf 84' lang='lat' dir='ltr'>Thus</span> <span class='ocrx_word' id='word_1_196' title='bbox 699 1762 772 1803; x_wconf 88' lang='lat' dir='ltr'>the</span> <span class='ocrx_word' id='word_1_197' title='bbox 806 1761 876 1802; x_wconf 90' lang='lat' dir='ltr'>old</span> <span class='ocrx_word' id='word_1_198' title='bbox 909 1766 1219 1814; x_wconf 78' lang='lat' dir='ltr'>purpr·estures</span> <span class='ocrx_word' id='word_1_199' title='bbox 1252 1759 1297 1800; x_wconf 83' lang='lat' dir='ltr'>of</span> <span class='ocrx_word' id='word_1_200' title='bbox 1326 1772 1408 1799; x_wconf 92' lang='lat' dir='ltr'>one</span> <span class='ocrx_word' id='word_1_201' title='bbox 1443 1772 1543 1812; x_wconf 84' lang='lat' dir='ltr'>eyre</span> <span class='ocrx_word' id='word_1_202' title='bbox 1578 1772 1687 1799; x_wconf 83' lang='lat' dir='ltr'>were</span> <span class='ocrx_word' id='word_1_203' title='bbox 1724 1758 1800 1799; x_wconf 86' lang='lat' dir='ltr'>the</span> <span class='ocrx_word' id='word_1_204' title='bbox 1833 1772 1927 1799; x_wconf 87' lang='lat' dir='ltr'>new</span> <span class='ocrx_word' id='word_1_205' title='bbox 1964 1760 2272 1811; x_wconf 86' lang='lat' dir='ltr'>purprestures</span> 
     </span>
     <span class='ocr_line' id='line_1_24' title="bbox 545 1827 2272 1884; baseline -0.003 -11"><span class='ocrx_word' id='word_1_206' title='bbox 545 1832 591 1873; x_wconf 84' lang='lat' dir='ltr'>of</span> <span class='ocrx_word' id='word_1_207' title='bbox 610 1844 729 1872; x_wconf 89' lang='lat' dir='ltr'>some</span> <span class='ocrx_word' id='word_1_208' title='bbox 751 1830 954 1884; x_wconf 85' lang='lat' dir='ltr'>previous</span> <span class='ocrx_word' id='word_1_209' title='bbox 976 1843 1089 1883; x_wconf 76' lang='lat' dir='ltr'>eyre.</span> <span class='ocrx_word' id='word_1_210' title='bbox 1149 1828 1239 1868; x_wconf 85' lang='lat' dir='ltr'>The</span> <span class='ocrx_word' id='word_1_211' title='bbox 1262 1827 1424 1868; x_wconf 85' lang='lat' dir='ltr'>entries</span> <span class='ocrx_word' id='word_1_212' title='bbox 1447 1827 1676 1880; x_wconf 81' lang='lat' dir='ltr'>recording</span> <span class='ocrx_word' id='word_1_213' title='bbox 1698 1827 1772 1868; x_wconf 88' lang='lat' dir='ltr'>the</span> <span class='ocrx_word' id='word_1_214' title='bbox 1795 1827 1865 1869; x_wconf 91' lang='lat' dir='ltr'>old</span> <span class='ocrx_word' id='word_1_215' title='bbox 1887 1829 2194 1880; x_wconf 86' lang='lat' dir='ltr'>purprestures</span> <span class='ocrx_word' id='word_1_216' title='bbox 2216 1841 2272 1868; x_wconf 91' lang='lat' dir='ltr'>on</span> 
     </span>
     <span class='ocr_line' id='line_1_25' title="bbox 546 1895 2271 1953; baseline -0.002 -13"><span class='ocrx_word' id='word_1_217' title='bbox 546 1900 622 1941; x_wconf 87' lang='lat' dir='ltr'>the</span> <span class='ocrx_word' id='word_1_218' title='bbox 656 1914 755 1953; x_wconf 81' lang='lat' dir='ltr'>eyre</span> <span class='ocrx_word' id='word_1_219' title='bbox 793 1899 896 1940; x_wconf 91' lang='lat' dir='ltr'>rolls</span> <span class='ocrx_word' id='word_1_220' title='bbox 931 1912 1040 1940; x_wconf 83' lang='lat' dir='ltr'>were</span> <span class='ocrx_word' id='word_1_221' title='bbox 1075 1897 1120 1938; x_wconf 87' lang='lat' dir='ltr'>in</span> <span class='ocrx_word' id='word_1_222' title='bbox 1155 1898 1229 1938; x_wconf 90' lang='lat' dir='ltr'>the</span> <span class='ocrx_word' id='word_1_223' title='bbox 1273 1910 1392 1939; x_wconf 85' lang='lat' dir='ltr'>same</span> <span class='ocrx_word' id='word_1_224' title='bbox 1431 1897 1543 1938; x_wconf 83' lang='lat' dir='ltr'>form</span> <span class='ocrx_word' id='word_1_225' title='bbox 1578 1910 1626 1938; x_wconf 87' lang='lat' dir='ltr'>as</span> <span class='ocrx_word' id='word_1_226' title='bbox 1662 1896 1786 1938; x_wconf 87' lang='lat' dir='ltr'>those</span> <span class='ocrx_word' id='word_1_227' title='bbox 1828 1896 2057 1949; x_wconf 85' lang='lat' dir='ltr'>recording</span> <span class='ocrx_word' id='word_1_228' title='bbox 2094 1896 2168 1937; x_wconf 90' lang='lat' dir='ltr'>the</span> <span class='ocrx_word' id='word_1_229' title='bbox 2202 1895 2271 1937; x_wconf 89' lang='lat' dir='ltr'>old</span> 
     </span>
     <span class='ocr_line' id='line_1_26' title="bbox 547 1968 933 2011; baseline -0.01 1"><span class='ocrx_word' id='word_1_230' title='bbox 547 1968 878 2011; x_wconf 75' lang='lat' dir='ltr'>assai-ts-—thus</span> <span class='ocrx_word' id='word_1_231' title='bbox 895 1968 908 1990; x_wconf 79' lang='lat'><strong>²</strong></span> <span class='ocrx_word' id='word_1_232' title='bbox 924 1984 933 2009; x_wconf 93' lang='grc'>;</span> 
     </span>
    </p>
   </div>
   <div class='ocr_carea' id='block_1_6' title="bbox 1074 2087 1753 2131">
    <p class='ocr_par' dir='ltr' id='par_1_10' title="bbox 1074 2087 1753 2131">
     <span class='ocr_line' id='line_1_27' title="bbox 1074 2087 1753 2131; baseline -0.001 -7"><span class='ocrx_word' id='word_1_233' title='bbox 1074 2090 1138 2124; x_wconf 85' lang='lat' dir='ltr'>De</span> <span class='ocrx_word' id='word_1_234' title='bbox 1163 2088 1401 2124; x_wconf 75' lang='lat' dir='ltr'>ueteribus</span> <span class='ocrx_word' id='word_1_235' title='bbox 1425 2087 1753 2131; x_wconf 78' lang='lat' dir='ltr'>purpresturis.</span> 
     </span>
    </p>
   </div>
   <div class='ocr_carea' id='block_1_7' title="bbox 626 2158 2273 2222">
    <p class='ocr_par' dir='ltr' id='par_1_11' title="bbox 626 2158 2273 2222">
     <span class='ocr_line' id='line_1_28' title="bbox 626 2158 2273 2222; baseline -0.002 -9"><span class='ocrx_word' id='word_1_236' title='bbox 626 2158 686 2213; x_wconf 80' lang='lat' dir='ltr'>De</span> <span class='ocrx_word' id='word_1_237' title='bbox 708 2173 891 2213; x_wconf 83' lang='lat' dir='ltr'>Iohanne</span> <span class='ocrx_word' id='word_1_238' title='bbox 911 2173 958 2211; x_wconf 88' lang='lat' dir='ltr'>de</span> <span class='ocrx_word' id='word_1_239' title='bbox 979 2173 1168 2211; x_wconf 77' lang='lat' dir='ltr'>Borstall’</span> <span class='ocrx_word' id='word_1_240' title='bbox 1190 2176 1228 2211; x_wconf 88' lang='lat' dir='ltr'>et</span> <span class='ocrx_word' id='word_1_241' title='bbox 1250 2172 1445 2211; x_wconf 78' lang='lat' dir='ltr'>Mauricio</span> <span class='ocrx_word' id='word_1_242' title='bbox 1465 2173 1512 2211; x_wconf 88' lang='lat' dir='ltr'>de</span> <span class='ocrx_word' id='word_1_243' title='bbox 1542 2172 1747 2222; x_wconf 81' lang='lat' dir='ltr'>Bynthon&#39;</span> <span class='ocrx_word' id='word_1_244' title='bbox 1770 2186 1841 2222; x_wconf 92' lang='lat' dir='ltr'>pro</span> <span class='ocrx_word' id='word_1_245' title='bbox 1861 2171 2117 2210; x_wconf 82' lang='lat' dir='ltr'>inbladatura</span> <span class='ocrx_word' id='word_1_246' title='bbox 2137 2171 2273 2211; x_wconf 91' lang='lat' dir='ltr'>decem</span> 
     </span>
    </p>
   </div>
   <div class='ocr_carea' id='block_1_8' title="bbox 547 2234 2276 2346">
    <p class='ocr_par' dir='ltr' id='par_1_12' title="bbox 547 2234 2276 2337">
     <span class='ocr_line' id='line_1_29' title="bbox 547 2234 2276 2284; baseline -0.001 -9"><span class='ocrx_word' id='word_1_247' title='bbox 547 2249 731 2275; x_wconf 75' lang='lat' dir='ltr'>amarum</span> <span class='ocrx_word' id='word_1_248' title='bbox 752 2236 899 2274; x_wconf 89' lang='lat' dir='ltr'>ueteris</span> <span class='ocrx_word' id='word_1_249' title='bbox 928 2239 1185 2284; x_wconf 69' lang='lat' dir='ltr'>purpresture</span> <span class='ocrx_word' id='word_1_250' title='bbox 1215 2235 1262 2273; x_wconf 87' lang='lat' dir='ltr'>de</span> <span class='ocrx_word' id='word_1_251' title='bbox 1283 2234 1366 2273; x_wconf 92' lang='lat' dir='ltr'>solo</span> <span class='ocrx_word' id='word_1_252' title='bbox 1396 2235 1499 2283; x_wconf 80' lang='lat' dir='ltr'>regis</span> <span class='ocrx_word' id='word_1_253' title='bbox 1528 2235 1570 2272; x_wconf 91' lang='lat' dir='ltr'>in</span> <span class='ocrx_word' id='word_1_254' title='bbox 1594 2235 1900 2284; x_wconf 81' lang='lat' dir='ltr'>Brymesgraue.</span> <span class='ocrx_word' id='word_1_255' title='bbox 1956 2234 2196 2273; x_wconf 86' lang='lat' dir='ltr'>Inbladatur</span> <span class='ocrx_word' id='word_1_256' title='bbox 2216 2238 2276 2273; x_wconf 86' lang='lat' dir='ltr'>ter</span> 
     </span>
     <span class='ocr_line' id='line_1_30' title="bbox 550 2295 1612 2346; baseline -0.005 -9"><span class='ocrx_word' id='word_1_257' title='bbox 550 2298 626 2337; x_wconf 87' lang='lat' dir='ltr'>de</span> <span class='ocrx_word' id='word_1_258' title='bbox 617 2297 825 2346; x_wconf 73' lang='lat' dir='ltr'>lueinagio</span> <span class='ocrx_word' id='word_1_259' title='bbox 846 2299 884 2334; x_wconf 90' lang='lat' dir='ltr'>et</span> <span class='ocrx_word' id='word_1_260' title='bbox 904 2300 964 2334; x_wconf 88' lang='lat' dir='ltr'>ter</span> <span class='ocrx_word' id='word_1_261' title='bbox 984 2297 1031 2334; x_wconf 91' lang='lat' dir='ltr'>de</span> <span class='ocrx_word' id='word_1_262' title='bbox 1052 2309 1182 2334; x_wconf 88' lang='lat' dir='ltr'>auena</span> <span class='ocrx_word' id='word_1_263' title='bbox 1239 2324 1247 2333; x_wconf 94' lang='lat'>.</span> <span class='ocrx_word' id='word_1_264' title='bbox 1372 2323 1379 2332; x_wconf 80' lang='grc'><strong><em>,</em></strong></span> <span class='ocrx_word' id='word_1_265' title='bbox 1438 2323 1445 2332; x_wconf 86' lang='grc'><strong>.</strong></span> <span class='ocrx_word' id='word_1_266' title='bbox 1502 2295 1569 2333; x_wconf 78' lang='lat' dir='ltr'>xlv</span> <span class='ocrx_word' id='word_1_267' title='bbox 1583 2306 1612 2333; x_wconf 88' lang='lat' dir='ltr'>s.</span> 
     </span>
    </p>
   </div>
   <div class='ocr_carea' id='block_1_9' title="bbox 548 2325 2275 2644">
    <p class='ocr_par' dir='ltr' id='par_1_13' title="bbox 548 2325 2275 2468">
     <span class='ocr_line' id='line_1_31' title="bbox 628 2325 2275 2424; baseline -0.001 -29"><span class='ocrx_word' id='word_1_268' title='bbox 628 2358 688 2396; x_wconf 89' lang='lat' dir='ltr'>De</span> <span class='ocrx_word' id='word_1_269' title='bbox 707 2358 889 2395; x_wconf 85' lang='lat' dir='ltr'>Iohanne</span> <span class='ocrx_word' id='word_1_270' title='bbox 910 2357 957 2394; x_wconf 90' lang='lat' dir='ltr'>de</span> <span class='ocrx_word' id='word_1_271' title='bbox 980 2356 1220 2406; x_wconf 76' lang='lat' dir='ltr'>Stupelleye,</span> <span class='ocrx_word' id='word_1_272' title='bbox 1241 2325 1445 2393; x_wconf 81' lang='lat' dir='ltr'>Willehno</span> <span class='ocrx_word' id='word_1_273' title='bbox 1466 2355 1513 2393; x_wconf 84' lang='lat' dir='ltr'>de</span> <span class='ocrx_word' id='word_1_274' title='bbox 1533 2355 1572 2393; x_wconf 87' lang='lat' dir='ltr'>la</span> <span class='ocrx_word' id='word_1_275' title='bbox 1591 2355 1731 2405; x_wconf 76' lang='lat' dir='ltr'>Lynde</span> <span class='ocrx_word' id='word_1_276' title='bbox 1751 2359 1790 2394; x_wconf 90' lang='lat' dir='ltr'>et</span> <span class='ocrx_word' id='word_1_277' title='bbox 1810 2356 1991 2395; x_wconf 84' lang='lat' dir='ltr'>Iohanne</span> <span class='ocrx_word' id='word_1_278' title='bbox 2011 2356 2058 2394; x_wconf 91' lang='lat' dir='ltr'>de</span> <span class='ocrx_word' id='word_1_279' title='bbox 2077 2356 2116 2395; x_wconf 90' lang='lat' dir='ltr'>la</span> <span class='ocrx_word' id='word_1_280' title='bbox 2136 2357 2275 2424; x_wconf 84' lang='lat' dir='ltr'>Lynde</span> 
     </span>
     <span class='ocr_line' id='line_1_32' title="bbox 548 2415 2273 2468; baseline -0.001 -13"><span class='ocrx_word' id='word_1_281' title='bbox 548 2431 619 2468; x_wconf 88' lang='lat' dir='ltr'>pro</span> <span class='ocrx_word' id='word_1_282' title='bbox 639 2417 916 2456; x_wconf 81' lang='lat' dir='ltr'>inbladacione</span> <span class='ocrx_word' id='word_1_283' title='bbox 936 2417 1099 2454; x_wconf 85' lang='lat' dir='ltr'>dimidie</span> <span class='ocrx_word' id='word_1_284' title='bbox 1120 2429 1208 2454; x_wconf 85' lang='lat' dir='ltr'>acre</span> <span class='ocrx_word' id='word_1_285' title='bbox 1228 2416 1377 2454; x_wconf 87' lang='lat' dir='ltr'>ibidem</span> <span class='ocrx_word' id='word_1_286' title='bbox 1397 2415 1602 2454; x_wconf 85' lang='lat' dir='ltr'>inbladate</span> <span class='ocrx_word' id='word_1_287' title='bbox 1623 2422 1668 2454; x_wconf 86' lang='lat' dir='ltr'>ut</span> <span class='ocrx_word' id='word_1_288' title='bbox 1687 2417 1798 2466; x_wconf 84' lang='lat' dir='ltr'>prius</span> <span class='ocrx_word' id='word_1_289' title='bbox 1855 2446 1862 2454; x_wconf 94' lang='lat'>.</span> <span class='ocrx_word' id='word_1_290' title='bbox 1913 2446 1921 2456; x_wconf 92' lang='lat'>.</span> <span class='ocrx_word' id='word_1_291' title='bbox 1972 2446 1980 2455; x_wconf 92' lang='lat'>.</span> <span class='ocrx_word' id='word_1_292' title='bbox 2029 2447 2035 2454; x_wconf 97' lang='lat'>.</span> <span class='ocrx_word' id='word_1_293' title='bbox 2083 2417 2109 2467; x_wconf 82' lang='lat' dir='ltr'>ij</span> <span class='ocrx_word' id='word_1_294' title='bbox 2130 2430 2158 2456; x_wconf 89' lang='lat' dir='ltr'>s.</span> <span class='ocrx_word' id='word_1_295' title='bbox 2180 2417 2220 2466; x_wconf 82' lang='lat' dir='ltr'>iij</span> <span class='ocrx_word' id='word_1_296' title='bbox 2237 2418 2273 2455; x_wconf 90' lang='lat' dir='ltr'>d.</span> 
     </span>
    </p>

    <p class='ocr_par' dir='ltr' id='par_1_14' title="bbox 549 2476 2273 2577">
     <span class='ocr_line' id='line_1_33' title="bbox 628 2476 2273 2526; baseline -0.001 -10"><span class='ocrx_word' id='word_1_297' title='bbox 628 2479 688 2516; x_wconf 92' lang='lat' dir='ltr'>De</span> <span class='ocrx_word' id='word_1_298' title='bbox 712 2478 886 2516; x_wconf 80' lang='lat' dir='ltr'>Roberto</span> <span class='ocrx_word' id='word_1_299' title='bbox 916 2477 963 2515; x_wconf 88' lang='lat' dir='ltr'>de</span> <span class='ocrx_word' id='word_1_300' title='bbox 992 2478 1031 2514; x_wconf 84' lang='lat' dir='ltr'>la</span> <span class='ocrx_word' id='word_1_301' title='bbox 1060 2477 1195 2521; x_wconf 81' lang='lat' dir='ltr'>Brok&#39;‚</span> <span class='ocrx_word' id='word_1_302' title='bbox 1218 2477 1400 2514; x_wconf 83' lang='lat' dir='ltr'>Iohanne</span> <span class='ocrx_word' id='word_1_303' title='bbox 1431 2476 1610 2526; x_wconf 77' lang='lat' dir='ltr'>Gerueys</span> <span class='ocrx_word' id='word_1_304' title='bbox 1639 2479 1677 2514; x_wconf 86' lang='lat' dir='ltr'>et</span> <span class='ocrx_word' id='word_1_305' title='bbox 1705 2476 1887 2515; x_wconf 84' lang='lat' dir='ltr'>Iohanne</span> <span class='ocrx_word' id='word_1_306' title='bbox 1917 2477 2023 2515; x_wconf 83' lang='lat' dir='ltr'>Oade</span> <span class='ocrx_word' id='word_1_307' title='bbox 2049 2490 2119 2526; x_wconf 86' lang='lat' dir='ltr'>pro</span> <span class='ocrx_word' id='word_1_308' title='bbox 2147 2478 2273 2516; x_wconf 88' lang='lat' dir='ltr'>inbla-</span> 
     </span>
     <span class='ocr_line' id='line_1_34' title="bbox 549 2537 2247 2577; baseline 0 -1"><span class='ocrx_word' id='word_1_309' title='bbox 549 2538 714 2577; x_wconf 89' lang='lat' dir='ltr'>dacione</span> <span class='ocrx_word' id='word_1_310' title='bbox 734 2539 870 2576; x_wconf 90' lang='lat' dir='ltr'>decem</span> <span class='ocrx_word' id='word_1_311' title='bbox 891 2550 1075 2576; x_wconf 85' lang='lat' dir='ltr'>acrarum</span> <span class='ocrx_word' id='word_1_312' title='bbox 1095 2537 1243 2575; x_wconf 83' lang='lat' dir='ltr'>ibidem</span> <span class='ocrx_word' id='word_1_313' title='bbox 1263 2537 1402 2575; x_wconf 90' lang='lat' dir='ltr'>eodem</span> <span class='ocrx_word' id='word_1_314' title='bbox 1423 2537 1541 2575; x_wconf 87' lang='lat' dir='ltr'>modo</span> <span class='ocrx_word' id='word_1_315' title='bbox 1561 2537 1859 2575; x_wconf 86' lang='lat' dir='ltr'>inbladatarum</span> <span class='ocrx_word' id='word_1_316' title='bbox 1907 2566 1916 2575; x_wconf 84' lang='lat'>.</span> <span class='ocrx_word' id='word_1_317' title='bbox 1965 2566 1973 2576; x_wconf 97' lang='lat'>.</span> <span class='ocrx_word' id='word_1_318' title='bbox 2023 2567 2030 2576; x_wconf 93' lang='lat'>.</span> <span class='ocrx_word' id='word_1_319' title='bbox 2079 2567 2088 2575; x_wconf 94' lang='lat'>.</span> <span class='ocrx_word' id='word_1_320' title='bbox 2135 2538 2202 2576; x_wconf 82' lang='lat' dir='ltr'>xlv</span> <span class='ocrx_word' id='word_1_321' title='bbox 2218 2551 2247 2576; x_wconf 91' lang='grc'>0.</span> 
     </span>
    </p>

    <p class='ocr_par' dir='ltr' id='par_1_15' title="bbox 631 2598 2272 2644">
     <span class='ocr_line' id='line_1_35' title="bbox 631 2598 2272 2644; baseline -0.001 -7"><span class='ocrx_word' id='word_1_322' title='bbox 631 2599 692 2637; x_wconf 91' lang='lat' dir='ltr'>De</span> <span class='ocrx_word' id='word_1_323' title='bbox 713 2599 917 2637; x_wconf 86' lang='lat' dir='ltr'>Willelmo</span> <span class='ocrx_word' id='word_1_324' title='bbox 937 2599 1020 2637; x_wconf 86' lang='lat' dir='ltr'>filio</span> <span class='ocrx_word' id='word_1_325' title='bbox 1042 2598 1248 2643; x_wconf 83' lang='lat' dir='ltr'>Willelmi,</span> <span class='ocrx_word' id='word_1_326' title='bbox 1271 2598 1428 2636; x_wconf 83' lang='lat' dir='ltr'>Thoma</span> <span class='ocrx_word' id='word_1_327' title='bbox 1448 2598 1495 2636; x_wconf 89' lang='lat' dir='ltr'>de</span> <span class='ocrx_word' id='word_1_328' title='bbox 1517 2598 1799 2644; x_wconf 84' lang='lat' dir='ltr'>Burnesforde,</span> <span class='ocrx_word' id='word_1_329' title='bbox 1820 2599 2003 2637; x_wconf 86' lang='lat' dir='ltr'>Iohanne</span> <span class='ocrx_word' id='word_1_330' title='bbox 2023 2600 2071 2637; x_wconf 90' lang='lat' dir='ltr'>de</span> <span class='ocrx_word' id='word_1_331' title='bbox 2093 2599 2272 2638; x_wconf 67' lang='grc'>80110110-</span> 
     </span>
    </p>
   </div>
   <div class='ocr_carea' id='block_1_10' title="bbox 552 2659 2274 2759">
    <p class='ocr_par' dir='ltr' id='par_1_16' title="bbox 552 2659 2274 2759">
     <span class='ocr_line' id='line_1_36' title="bbox 552 2659 2274 2708; baseline 0 -10"><span class='ocrx_word' id='word_1_332' title='bbox 552 2660 638 2698; x_wconf 89' lang='lat' dir='ltr'>ford</span> <span class='ocrx_word' id='word_1_333' title='bbox 672 2663 710 2697; x_wconf 88' lang='lat' dir='ltr'>et</span> <span class='ocrx_word' id='word_1_334' title='bbox 744 2659 940 2698; x_wconf 82' lang='lat' dir='ltr'>Nicholao</span> <span class='ocrx_word' id='word_1_335' title='bbox 978 2660 1061 2698; x_wconf 86' lang='lat' dir='ltr'>filio</span> <span class='ocrx_word' id='word_1_336' title='bbox 1101 2659 1283 2697; x_wconf 85' lang='lat' dir='ltr'>Oseberti</span> <span class='ocrx_word' id='word_1_337' title='bbox 1317 2672 1388 2708; x_wconf 88' lang='lat' dir='ltr'>pro</span> <span class='ocrx_word' id='word_1_338' title='bbox 1419 2659 1698 2698; x_wconf 89' lang='lat' dir='ltr'>inbladacione</span> <span class='ocrx_word' id='word_1_339' title='bbox 1731 2660 1867 2699; x_wconf 88' lang='lat' dir='ltr'>decem</span> <span class='ocrx_word' id='word_1_340' title='bbox 1906 2673 2089 2698; x_wconf 87' lang='lat' dir='ltr'>acrarum</span> <span class='ocrx_word' id='word_1_341' title='bbox 2126 2660 2274 2698; x_wconf 87' lang='lat' dir='ltr'>ibidem</span> 
     </span>
     <span class='ocr_line' id='line_1_37' title="bbox 552 2719 1581 2759; baseline -0.001 0"><span class='ocrx_word' id='word_1_342' title='bbox 552 2721 690 2759; x_wconf 86' lang='lat' dir='ltr'>eodem</span> <span class='ocrx_word' id='word_1_343' title='bbox 710 2719 1147 2758; x_wconf 81' lang='lat' dir='ltr'>inodoinbladatarum</span> <span class='ocrx_word' id='word_1_344' title='bbox 1205 2749 1214 2758; x_wconf 94' lang='lat'>.</span> <span class='ocrx_word' id='word_1_345' title='bbox 1273 2749 1280 2757; x_wconf 91' lang='lat'>.</span> <span class='ocrx_word' id='word_1_346' title='bbox 1339 2749 1346 2757; x_wconf 93' lang='lat'>.</span> <span class='ocrx_word' id='word_1_347' title='bbox 1405 2749 1414 2757; x_wconf 93' lang='lat'>.</span> <span class='ocrx_word' id='word_1_348' title='bbox 1470 2720 1536 2758; x_wconf 78' lang='lat' dir='ltr'>xlv</span> <span class='ocrx_word' id='word_1_349' title='bbox 1551 2733 1581 2758; x_wconf 88' lang='lat' dir='ltr'>s.</span> 
     </span>
    </p>
   </div>
   <div class='ocr_carea' id='block_1_11' title="bbox 552 2815 2274 2939">
    <p class='ocr_par' dir='ltr' id='par_1_17' title="bbox 552 2815 2274 2939">
     <span class='ocr_line' id='line_1_38' title="bbox 639 2815 2274 2870; baseline -0.001 -12"><span class='ocrx_word' id='word_1_350' title='bbox 639 2818 707 2858; x_wconf 91' lang='lat' dir='ltr'>An</span> <span class='ocrx_word' id='word_1_351' title='bbox 731 2816 963 2858; x_wconf 88' lang='lat' dir='ltr'>alteration</span> <span class='ocrx_word' id='word_1_352' title='bbox 986 2815 1031 2856; x_wconf 87' lang='lat' dir='ltr'>in</span> <span class='ocrx_word' id='word_1_353' title='bbox 1055 2816 1129 2857; x_wconf 86' lang='lat' dir='ltr'>the</span> <span class='ocrx_word' id='word_1_354' title='bbox 1151 2816 1232 2858; x_wconf 86' lang='lat' dir='ltr'>law</span> <span class='ocrx_word' id='word_1_355' title='bbox 1254 2815 1442 2869; x_wconf 80' lang='lat' dir='ltr'>relating</span> <span class='ocrx_word' id='word_1_356' title='bbox 1465 2817 1509 2858; x_wconf 89' lang='lat' dir='ltr'>to</span> <span class='ocrx_word' id='word_1_357' title='bbox 1531 2817 1839 2869; x_wconf 87' lang='lat' dir='ltr'>purprestures</span> <span class='ocrx_word' id='word_1_358' title='bbox 1862 2829 1949 2857; x_wconf 89' lang='lat' dir='ltr'>was</span> <span class='ocrx_word' id='word_1_359' title='bbox 1972 2816 2098 2857; x_wconf 88' lang='lat' dir='ltr'>made</span> <span class='ocrx_word' id='word_1_360' title='bbox 2120 2816 2176 2870; x_wconf 85' lang='lat' dir='ltr'>by</span> <span class='ocrx_word' id='word_1_361' title='bbox 2198 2816 2274 2857; x_wconf 88' lang='lat' dir='ltr'>the</span> 
     </span>
     <span class='ocr_line' id='line_1_39' title="bbox 552 2884 2203 2939; baseline -0.001 -12"><span class='ocrx_word' id='word_1_362' title='bbox 552 2886 737 2927; x_wconf 85' lang='lat' dir='ltr'>Charter</span> <span class='ocrx_word' id='word_1_363' title='bbox 759 2885 802 2926; x_wconf 79' lang='lat' dir='ltr'>of</span> <span class='ocrx_word' id='word_1_364' title='bbox 823 2884 898 2926; x_wconf 91' lang='lat' dir='ltr'>the</span> <span class='ocrx_word' id='word_1_365' title='bbox 921 2885 1090 2934; x_wconf 86' lang='lat' dir='ltr'>Forest,</span> <span class='ocrx_word' id='word_1_366' title='bbox 1114 2885 1190 2926; x_wconf 91' lang='lat' dir='ltr'>the</span> <span class='ocrx_word' id='word_1_367' title='bbox 1213 2885 1381 2926; x_wconf 78' lang='lat' dir='ltr'>twelfth</span> <span class='ocrx_word' id='word_1_368' title='bbox 1404 2885 1583 2939; x_wconf 86' lang='lat' dir='ltr'>chapter</span> <span class='ocrx_word' id='word_1_369' title='bbox 1607 2886 1653 2926; x_wconf 87' lang='lat' dir='ltr'>of</span> <span class='ocrx_word' id='word_1_370' title='bbox 1671 2885 1813 2927; x_wconf 86' lang='lat' dir='ltr'>which</span> <span class='ocrx_word' id='word_1_371' title='bbox 1836 2899 1922 2927; x_wconf 86' lang='lat' dir='ltr'>was</span> <span class='ocrx_word' id='word_1_372' title='bbox 1945 2899 1992 2926; x_wconf 88' lang='lat' dir='ltr'>as</span> <span class='ocrx_word' id='word_1_373' title='bbox 2016 2885 2203 2927; x_wconf 88' lang='lat' dir='ltr'>follows:</span> 
     </span>
    </p>
   </div>
   <div class='ocr_carea' id='block_1_12' title="bbox 549 2973 2275 3085">
    <p class='ocr_par' dir='ltr' id='par_1_18' title="bbox 549 2973 2275 3085">
     <span class='ocr_line' id='line_1_40' title="bbox 630 2973 2275 3024; baseline 0.001 -12"><span class='ocrx_word' id='word_1_374' title='bbox 630 2974 916 3024; x_wconf 86' lang='lat' dir='ltr'>Unusquisque</span> <span class='ocrx_word' id='word_1_375' title='bbox 944 2973 1044 3012; x_wconf 83' lang='lat' dir='ltr'>liber</span> <span class='ocrx_word' id='word_1_376' title='bbox 1072 2974 1193 3012; x_wconf 88' lang='lat' dir='ltr'>homo</span> <span class='ocrx_word' id='word_1_377' title='bbox 1222 2975 1403 3013; x_wconf 88' lang='lat' dir='ltr'>decetero</span> <span class='ocrx_word' id='word_1_378' title='bbox 1433 2975 1516 3013; x_wconf 86' lang='lat' dir='ltr'>sine</span> <span class='ocrx_word' id='word_1_379' title='bbox 1545 2975 1751 3014; x_wconf 87' lang='lat' dir='ltr'>occasione</span> <span class='ocrx_word' id='word_1_380' title='bbox 1776 2975 1898 3013; x_wconf 86' lang='lat' dir='ltr'>faciat</span> <span class='ocrx_word' id='word_1_381' title='bbox 1917 2975 1960 3012; x_wconf 91' lang='lat' dir='ltr'>in</span> <span class='ocrx_word' id='word_1_382' title='bbox 1979 2975 2098 3014; x_wconf 88' lang='lat' dir='ltr'>bosco</span> <span class='ocrx_word' id='word_1_383' title='bbox 2118 2988 2190 3014; x_wconf 82' lang='lat' dir='ltr'>suo</span> <span class='ocrx_word' id='word_1_384' title='bbox 2210 2975 2275 3013; x_wconf 91' lang='lat' dir='ltr'>uel</span> 
     </span>
     <span class='ocr_line' id='line_1_41' title="bbox 549 3033 2272 3085; baseline 0 -12"><span class='ocrx_word' id='word_1_385' title='bbox 549 3035 592 3073; x_wconf 84' lang='lat' dir='ltr'>in</span> <span class='ocrx_word' id='word_1_386' title='bbox 630 3038 735 3074; x_wconf 88' lang='lat' dir='ltr'>terra</span> <span class='ocrx_word' id='word_1_387' title='bbox 776 3047 859 3081; x_wconf 89' lang='lat' dir='ltr'>sua,</span> <span class='ocrx_word' id='word_1_388' title='bbox 898 3047 1020 3083; x_wconf 85' lang='lat' dir='ltr'>quam</span> <span class='ocrx_word' id='word_1_389' title='bbox 1057 3033 1203 3073; x_wconf 81' lang='lat' dir='ltr'>habeat</span> <span class='ocrx_word' id='word_1_390' title='bbox 1242 3034 1284 3072; x_wconf 88' lang='lat' dir='ltr'>in</span> <span class='ocrx_word' id='word_1_391' title='bbox 1321 3035 1481 3082; x_wconf 83' lang='lat' dir='ltr'>foresta,</span> <span class='ocrx_word' id='word_1_392' title='bbox 1528 3035 1806 3074; x_wconf 88' lang='lat' dir='ltr'>molendinum</span> <span class='ocrx_word' id='word_1_393' title='bbox 1844 3035 2045 3074; x_wconf 87' lang='lat' dir='ltr'>uiuarium</span> <span class='ocrx_word' id='word_1_394' title='bbox 2083 3037 2272 3085; x_wconf 87' lang='lat' dir='ltr'>stagnum</span> 
     </span>
    </p>
   </div>
   <div class='ocr_carea' id='block_1_13' title="bbox 729 3134 2104 3176">
    <p class='ocr_par' dir='ltr' id='par_1_19' title="bbox 729 3134 2104 3176">
     <span class='ocr_line' id='line_1_42' title="bbox 729 3134 2104 3176; baseline 0.001 -11"><span class='ocrx_word' id='word_1_395' title='bbox 729 3135 736 3153; x_wconf 89' lang='lat'><strong>¹</strong></span> <span class='ocrx_word' id='word_1_396' title='bbox 755 3135 835 3166; x_wconf 75' lang='lat' dir='ltr'>For.</span> <span class='ocrx_word' id='word_1_397' title='bbox 850 3134 957 3171; x_wconf 60' lang='lat' dir='ltr'>Proc„</span> <span class='ocrx_word' id='word_1_398' title='bbox 973 3134 1027 3166; x_wconf 71' lang='lat' dir='ltr'>Tr.</span> <span class='ocrx_word' id='word_1_399' title='bbox 1045 3135 1082 3176; x_wconf 88' lang='lat' dir='ltr'>of</span> <span class='ocrx_word' id='word_1_400' title='bbox 1096 3135 1184 3171; x_wconf 54' lang='lat' dir='ltr'>Rea,</span> <span class='ocrx_word' id='word_1_401' title='bbox 1197 3135 1258 3167; x_wconf 87' lang='lat' dir='ltr'>No.</span> <span class='ocrx_word' id='word_1_402' title='bbox 1277 3136 1350 3172; x_wconf 82' lang='lat'>231,</span> <span class='ocrx_word' id='word_1_403' title='bbox 1366 3135 1446 3167; x_wconf 76' lang='lat' dir='ltr'>Roll</span> <span class='ocrx_word' id='word_1_404' title='bbox 1462 3137 1481 3167; x_wconf 81' lang='grc'>8</span> <span class='ocrx_word' id='word_1_405' title='bbox 1495 3135 1526 3166; x_wconf 77' lang='lat' dir='ltr'>d.</span> <span class='ocrx_word' id='word_1_406' title='bbox 1671 3137 1682 3154; x_wconf 85' lang='lat'>²</span> <span class='ocrx_word' id='word_1_407' title='bbox 1705 3135 1793 3167; x_wconf 81' lang='lat' dir='ltr'>Ibid.</span> <span class='ocrx_word' id='word_1_408' title='bbox 1809 3136 1871 3167; x_wconf 77' lang='lat' dir='ltr'>No.</span> <span class='ocrx_word' id='word_1_409' title='bbox 1885 3137 1960 3174; x_wconf 84' lang='lat'>231,</span> <span class='ocrx_word' id='word_1_410' title='bbox 1978 3136 2058 3168; x_wconf 80' lang='lat' dir='ltr'><em>Rozz</em></span> <span class='ocrx_word' id='word_1_411' title='bbox 2074 3137 2104 3168; x_wconf 88' lang='lat'>7.</span> 
     </span>
    </p>
   </div>
  </div>
 </body>
</html>
