2421 3529
499 264 561 308 80
956 275 1146 309 sELEcT
1183 275 1372 309 Fousssr
1410 275 1763 317 INQ‘UIsrrioxs

492 387 748 441 leporarios,
773 401 959 442 quorum
983 402 1094 430 Vnus
1117 390 1210 430 erat
1234 388 1373 438 albus,
1395 388 1507 430 alius
1530 388 1666 442 niger,
1690 388 1849 431 tercius
1873 388 2014 438 fanus,
2040 391 2226 442 quartus

497 458 621 511 niger
664 459 897 499 coueratus
939 458 1143 511 fugantes
1186 457 1363 507 bestias,
1408 471 1515 511 quos
1558 457 1702 499 dictus
1730 458 1797 500 W.
1836 459 1879 499 et
1922 457 1972 498 R.
2007 461 2229 511 ceperunt.

498 527 703 579 Quintus,
728 541 845 576 uero,
871 527 1112 580 leporarius
1136 529 1318 581 teyngre
1341 526 1497 568 euasit.
1550 527 1611 568 Et
1634 541 1736 568 cum
1758 526 1942 580 predicti
1964 526 2044 567 sub
2068 527 2229 570 foresta

496 597 721 638 redierunt
772 611 797 638 a
848 596 1054 650 capcione
1107 596 1425 650 leporariorum
1478 595 1728 638 insidiando
1779 595 1985 638 Viderunt
2036 596 2229 650 quinque

497 665 742 707 bersatores
766 665 811 706 in
835 665 1052 707 dominico
1074 665 1243 707 domini
1265 664 1378 718 regis
1400 664 1453 706 de
1471 664 1748 719 Wydehawe,
1770 679 1908 707 vnum
1931 679 2031 706 cum
2054 666 2228 716 balista,

494 736 539 775 et
573 736 760 787 quatuor
792 748 892 775 cum
926 735 1116 776 arcubus
1149 736 1192 776 et
1225 733 1398 788 sagittis
1422 736 1590 775 stantes
1614 734 1668 776 ad
1693 735 1811 776 fusta
1833 748 1926 776 sua.
1988 735 2105 787 Quos
2128 749 2228 776 cum

497 803 715 845 forestarii
737 803 1047 857 percepissent,
1067 804 1426 846 exclamauerunt
1448 817 1521 844 eos
1540 805 1580 844 et
1604 817 1676 845 eos
1699 803 1919 857 prosecuti
1941 804 2133 846 fuerunt.
2167 804 2227 846 Et

494 873 678 926 predicti
710 873 1014 915 malefactores
1048 873 1102 915 ad
1136 874 1255 915 fusta
1286 886 1368 914 sua
1399 874 1570 914 stantes
1603 874 1900 915 turnauerunt
1929 873 1975 914 in
1997 873 2227 914 defensum

490 943 536 982 et
578 941 624 982 in
669 941 920 984 forestarios
964 942 1150 996 sagittas
1204 956 1306 984 suas
1351 941 1620 992 direxerunt,
1655 942 1718 984 ita
1748 942 1865 996 quod
1902 942 2228 985 Wlnerauerunt

494 1010 725 1053 Matheum
767 1011 1048 1053 forestarium
1091 1012 1142 1053 de
1177 1025 1308 1065 parco
1350 1010 1403 1052 de
1442 1010 1656 1052 Bricstok'
1700 1025 1801 1052 cum
1844 1010 2015 1053 duabus
2053 1011 2227 1064 sagittis

494 1080 691 1131 waliscis,
717 1080 879 1122 scilicet
902 1096 1001 1122 cum
1039 1095 1124 1123 vna
1148 1081 1310 1135 sagitta
1343 1080 1423 1122 sub
1456 1080 1656 1122 mamilla
1688 1081 1870 1122 sinistra
1906 1081 1961 1122 ad
1999 1082 2223 1135 profundi-

494 1152 631 1190 tatem
655 1150 782 1191 vnius
814 1151 958 1204 palme
982 1150 1032 1192 de
1056 1150 1238 1204 belongo
1261 1153 1302 1191 et
1324 1164 1425 1191 cum
1449 1150 1536 1191 alia
1559 1150 1723 1203 sagitta
1755 1150 1800 1191 in
1833 1150 2011 1192 brachio
2043 1151 2225 1192 sinistro

492 1219 549 1260 ad
582 1219 928 1273 profunditatem
966 1220 1152 1261 duorum
1188 1219 1468 1273 digitatuum‚
1494 1219 1555 1261 ita
1577 1219 1692 1273 quod
1715 1219 1766 1261 de
1790 1219 1884 1261 uita
1917 1219 2023 1261 dicti
2056 1219 2225 1261 Mathei

493 1288 823 1342 desperabatur.
905 1289 965 1330 Et
1009 1288 1225 1331 forestarii
1276 1288 1493 1342 predictos
1545 1289 1847 1330 malefactores
1894 1291 1986 1331 tam
2039 1289 2226 1331 uiriliter

495 1359 714 1411 prosecuti
757 1359 948 1409 fuerunt,
992 1359 1106 1412 quod
1152 1358 1456 1400 malefactores
1498 1358 1543 1398 in
1588 1357 1737 1410 fugam
1789 1358 1991 1399 conuersi
2032 1360 2137 1399 sunt
2179 1358 2224 1399 in

492 1427 777 1481 spissitudine
801 1428 933 1470 bosci.
996 1429 1056 1469 Et
1080 1428 1298 1470 forestarii
1320 1429 1498 1481 propter
1528 1426 1668 1468 noctis
1697 1427 2011 1469 obscuritatem
2035 1427 2225 1481 amplius

492 1511 567 1539 eos
609 1498 813 1551 prosequi
856 1512 942 1539 non
986 1500 1240 1552 potuerunt.
1324 1497 1384 1538 Et
1426 1510 1557 1550 super
1599 1496 1678 1537 hec
1722 1497 1837 1538 facta
1881 1497 1963 1538 fuit
1995 1496 2225 1550 inquisicio

492 1567 612 1620 apud
635 1567 837 1609 Banifeld
861 1582 1007 1609 coram
1038 1566 1286 1610 Willelmo1
1315 1567 1367 1607 de
1399 1566 1676 1619 Norbampt',
1711 1568 1817 1607 tunc
1850 1565 2013 1608 balliuo
2050 1567 2223 1615 foreste,

492 1639 536 1677 et
570 1636 809 1678 forestariis
841 1640 884 1679 et
917 1636 1135 1678 viridariis
1168 1636 1308 1690 patrie
1341 1635 1438 1676 die2
1461 1634 1736 1676 inuencionis
1760 1637 1910 1676 sancte
1934 1634 2083 1677 Crucis
2107 1649 2225 1677 anno

492 1706 644 1747 eodem
668 1720 743 1760 per
761 1709 948 1760 quatuor
973 1707 1149 1748 uillatas
1171 1704 1506 1760 propinquiores
1529 1704 1659 1746 lande
1681 1704 1898 1755 Banifeld,
1917 1705 2129 1755 videlicet,
2148 1719 2223 1759 per

494 1775 643 1825 Stoke,
668 1775 902 1827 Carelton',
926 1777 1137 1830 Magnam
1160 1775 1274 1825 Acle,
1299 1774 1479 1829 Coreby.

585 1845 716 1888 Stoke
737 1846 857 1888 venit
886 1848 946 1897 et,
981 1846 1139 1894 iurata,
1174 1845 1277 1887 dicit
1310 1844 1424 1898 quod
1456 1843 1591 1885 nichil
1630 1843 1732 1885 inde
1765 1843 1881 1894 scit,3
1912 1844 2223 1885 tantummodo

493 1915 610 1968 quod
643 1916 860 1958 forestarii
892 1916 1112 1970 prosecuti
1145 1916 1325 1957 fuerunt
1357 1914 1662 1955 malefactores
1693 1927 1796 1954 cum
1828 1913 1889 1967 hy
1911 1915 1953 1954 et
1983 1926 2060 1967 cry
2083 1927 2221 1966 usque

492 1984 713 2026 adnectis
745 1985 1073 2036 obscuritatem,
1095 1988 1139 2027 et
1171 1984 1285 2039 quod
1308 1997 1419 2026 Vnus
1453 1982 1708 2025 forestarius
1733 1983 1967 2024 wineratus
2002 1982 2098 2023 fuit.
2161 1982 2222 2024 Et

494 2053 634 2096 nescit
656 2054 780 2096 cuius
804 2055 982 2097 fuerunt
1004 2054 1221 2109 leporarii.

582 2124 801 2166 Carclton’
826 2124 948 2166 uenit
972 2127 1027 2174 et,
1051 2124 1211 2172 iurata,
1236 2122 1340 2164 dicit
1363 2122 1493 2163 idem.

580 2193 751 2246 Coreby
774 2194 895 2235 uenit
919 2195 974 2243 et,
999 2193 1157 2243 iurata,
1182 2193 1284 2234 dicit
1309 2192 1439 2234 idem.

580 2263 744 2316 Magna
774 2262 940 2319 [Acle]⁴
974 2263 1096 2304 uenit
1127 2265 1184 2311 et,
1208 2263 1367 2311 iurata,
1391 2261 1495 2303 dicit
1528 2261 1642 2314 quod
1675 2259 1786 2302 uidit
1810 2262 1997 2313 quatuor
2019 2260 2220 2303 homines

489 2335 534 2374 et
557 2347 692 2374 vnum
715 2333 980 2386 leporarium
1004 2335 1185 2387 teyngre
1209 2346 1280 2374 eos
1305 2333 1551 2385 sequentes,
1577 2330 1754 2380 scilicet,
1779 2344 1914 2371 vnum
1938 2343 2038 2370 cum
2062 2330 2220 2372 balista

488 2405 533 2443 et
565 2404 653 2444 tres
687 2415 786 2444 cum
819 2402 1007 2444 arcubus
1039 2404 1083 2443 et
1116 2401 1303 2455 sagittis,
1326 2402 1369 2442 et
1402 2400 1663 2442 exclamauit
1696 2413 1782 2449 eos,
1805 2402 1848 2440 et
1882 2401 2031 2440 secuta
2059 2403 2125 2441 est
2147 2414 2220 2441 eos

488 2485 591 2512 cum
614 2471 852 2514 forestariis
877 2485 1012 2525 usque
1034 2471 1089 2513 ad
1112 2470 1253 2512 noctis
1282 2469 1595 2512 obscuritatem
1628 2469 1691 2511 ita
1723 2469 1837 2523 quod
1870 2470 2048 2522 propter
2081 2469 2220 2510 noctis

487 2541 802 2583 obscuritatem
824 2544 868 2583 et
890 2541 1007 2583 bosci
1030 2539 1362 2594 spissitudinem
1386 2538 1564 2580 nesciit⁵
1588 2552 1671 2592 quo
1696 2538 1983 2580 deuenerunt„

580 2611 715 2665 Plegii
757 2611 909 2653 uillate
950 2610 1002 2652 de
1048 2610 1168 2652 Stok'
1205 2622 1352 2651 coram
1385 2607 1637 2650 iusticiariis
1658 2608 1924 2650 z—Thomas
1955 2607 2218 2661 prepositus,

492 2681 649 2722 Petrus
670 2680 722 2721 de
745 2679 949 2722 Coleuile„

581 2749 717 2803 Plegii
739 2749 887 2791 uillate
910 2749 962 2790 de
984 2748 1202 2791 Carelton'
1227 2761 1373 2790 coram
1392 2746 1645 2789 iusticiariis
1662 2745 1962 2789 z—Galfridus
1980 2745 2218 2799 Wythoud,

490 2819 710 2861 Walterus
733 2818 881 2859 Baret⁹

579 2887 714 2941 Plegii
738 2887 887 2929 uillate
910 2887 961 2928 de
980 2886 1121 2940 Corby
1139 2900 1286 2928 coram
1302 2884 1555 2928 iusticiariis
1571 2884 1844 2927 t—Norman
1859 2883 1975 2925 filius
1994 2883 2217 2938 prepositi,

489 2957 742 3010 Godwynus
763 2956 819 2997 ad
842 2958 1016 3009 portam
1039 2955 1161 2997 Aule„

535 3045 541 3061 ¹
569 3044 632 3075 See
663 3054 695 3083 p.
723 3044 775 3080 31,
802 3045 881 3074 note
907 3044 938 3075 6.
985 3042 1214 3082 Throughout
1245 3042 1316 3074 this
1430 3042 1442 3059 ²
1465 3043 1485 3072 3
1505 3041 1584 3082 May
1602 3041 1699 3072 1246.

490 3087 553 3118 roll
571 3087 723 3118 william
742 3089 776 3118 of
802 3086 1058 3126 Northampton
1085 3087 1114 3117 is
1142 3086 1316 3117 described
1429 3086 1441 3102 ³
1467 3085 1538 3116 MS.
1557 3086 1644 3116 ‘sita

489 3141 527 3162 as
545 3131 654 3162 hailiff
671 3132 706 3162 of
730 3130 788 3161 the
806 3131 912 3162 forest
930 3130 996 3162 and
1014 3134 1074 3161 not
1098 3140 1135 3161 as
1160 3130 1315 3161 steward.
1432 3131 1442 3148 ⁴
1466 3129 1551 3159 This
1569 3128 1657 3159 word
1677 3128 1705 3158 is
1722 3127 1867 3159 omitted
1884 3127 1919 3159 in
1937 3127 1996 3159 the
2014 3127 2170 3167 original.

492 3175 544 3205 He
561 3185 628 3206 was
647 3176 762 3213 aeting
779 3185 816 3205 as
833 3174 960 3214 deputy
978 3175 1029 3204 for
1046 3174 1104 3205 the
1122 3173 1265 3206 steward
1280 3183 1315 3204 or
1430 3175 1441 3191 ⁵
1466 3173 1538 3205 MS.
1557 3172 1733 3203 ‘nescium’

489 3218 634 3250 warden,
