2421 3529
221 703 368 734 interrog)

220 784 325 808 miseri-

220 818 324 841 cordia.

219 1049 324 1073 miseri-

221 1083 324 1106 cordia.

221 1170 306 1193 inter-

219 1204 344 1233 rogand'.

217 1328 324 1351 miscri-

218 1361 323 1385 cordia.

221 1476 316 1492 coram
330 1476 401 1499 rege.

217 1535 324 1559 miseri-

218 1568 322 1593 cordia.

219 2024 290 2041 cras.

458 227 483 270 5
712 234 1019 269 SELECTIONS
1054 234 1194 268 FROM
1230 233 1332 268 THE
1368 234 1559 268 FOREST
1595 233 1733 268 EYRE
1769 234 1928 269 ROLLS

544 347 706 390 Villata
729 347 780 388 de
814 347 1024 390 Merston’
1049 346 1213 389 Prioris
1245 346 1297 388 de
1328 346 1529 389 Weneloc
1561 346 1607 387 in
1637 345 1903 389 Warwiksir'
1937 346 1982 388 in
2014 347 2180 390 miseri-

457 416 603 458 cordia
619 416 720 470 quia
742 431 829 458 non
846 417 1107 458 leuauerunt
1131 416 1366 457 clamorem
1389 429 1518 469 super
1533 416 1836 457 malefactores
1858 416 1989 470 regis,
2006 417 2180 467 scilicet,

457 500 586 540 super
626 486 787 540 Elyam
830 484 1090 541 Hor[stail]l
1137 485 1189 526 de
1231 485 1383 526 eadem
1426 487 1467 526 et
1520 485 1792 526 Randulfum
1845 485 1883 526 le
1935 486 2077 528 Meser
2129 488 2181 529 de

455 554 715 596 Hei-dewik’.
779 554 875 596 Uisi
898 554 1077 594 fuerunt
1099 553 1154 595 ab
1176 553 1429 595 hominibus
1463 553 1514 595 de
1548 553 1797 604 Botintun',
1822 554 1896 595 ubi
1928 555 2180 598 occiderunt

455 637 587 664 vnam
610 623 773 664 bissam
796 622 841 663 in
872 636 1026 676 campo
1059 623 1111 664 de
1142 621 1390 664 Botintun’.
1451 622 1512 664 Et
1546 623 1753 675 fugerunt
1786 625 1827 664 et
1860 627 2097 667 euaserunt
2129 626 2181 667 de

455 691 707 733 hominibus
730 691 828 733 illis.
890 691 951 732 Et
974 691 1275 744 interrogandi
1298 693 1402 733 sunt
1424 705 1500 745 per
1523 692 1798 733 comitatum.

542 761 759 803 Robertus
781 761 948 804 Walen’
974 760 1170 802 seruiens
1204 759 1375 802 comitis
1409 760 1460 801 de
1492 760 1628 803 Wint'
1662 759 1707 801 in
1740 760 1912 802 Bukebi
1943 760 1988 802 in
2011 761 2180 804 miseri-

455 830 601 871 cordia
639 829 740 883 quia
781 844 868 871 non
904 829 1061 872 habuit
1097 843 1243 871 coram
1277 829 1532 871 iusticiariis
1568 829 1677 871 duos
1723 829 1974 872 brachettos
2009 832 2179 874 comitis

455 901 649 941 tesantes
686 913 823 941 vnum
857 913 1037 941 ceruum
1075 912 1213 952 usque
1256 898 1301 939 in
1344 899 1567 948 forestam,
1607 913 1714 952 quos
1756 900 1918 953 recepit
1956 900 2180 943 habendi2

457 982 605 1010 coram
628 968 882 1010 iusticiariis
905 970 948 1010 et
970 982 1059 1009 non
1082 968 1253 1009 habuit.

542 1038 706 1080 Villata
730 1038 780 1079 de
807 1037 1121 1080 Siiokescuiiib’
1147 1037 1192 1077 in
1225 1036 1528 1079 misericordia
1560 1037 1820 1088 comuniter,
1845 1038 1947 1092 quia
1980 1040 2178 1082 fecerunt

455 1107 715 1150 Nicholaum
738 1108 1016 1158 messarium,
1041 1107 1115 1161 qui
1133 1107 1346 1161 fugitiuus
1369 1109 1450 1148 est.
1502 1108 1562 1149 Et
1586 1111 1740 1161 captus
1763 1109 1847 1150 fuit
1870 1111 1911 1150 et
1934 1108 2178 1163 inprisona-

454 1179 554 1227 tus3
601 1179 642 1219 et
683 1179 835 1230 postea
876 1176 1018 1218 euasit
1061 1177 1113 1218 de
1155 1176 1360 1230 prisona3
1413 1176 1475 1232 [et
1518 1177 1887 1230 interrogandus³
1928 1193 2005 1232 per
2047 1180 2178 1222 comi-

454 1247 632 1303 tatum]

543 1317 734 1359 Thomas
757 1316 873 1358 filius
895 1317 1108 1359 Eustach’
1134 1318 1175 1358 et
1199 1317 1391 1358 Thomas
1415 1316 1466 1358 de
1489 1316 1597 1358 Albo
1630 1316 1900 1360 Monasterio
1932 1317 1977 1359 in
2010 1319 2178 1361 miseri-

455 1386 614 1437 cordia,
655 1386 757 1440 quia
794 1387 1084 1439 portauerunt
1134 1399 1262 1428 arcus
1306 1388 1348 1427 et
1393 1385 1578 1439 sagittas
1631 1385 1677 1426 in
1729 1386 1891 1428 foresta
1935 1388 2049 1441 regis
2084 1389 2178 1430 sine

455 1455 636 1497 licencia
654 1470 662 1504 ;
698 1457 739 1497 et
762 1456 1103 1497 monstrandum
1127 1457 1193 1497 est
1215 1455 1319 1509 regi.

541 1524 761 1566 Henricus
796 1524 847 1566 de
885 1525 1135 1568 Stauerton’
1174 1525 1220 1565 in
1258 1524 1558 1566 misericordia
1600 1524 1702 1578 quia
1745 1525 1973 1568 conuictus
2017 1530 2083 1569 est
2126 1528 2178 1570 de

453 1593 695 1636 mendacio.

542 1662 683 1705 Canes
706 1662 877 1705 comitis
900 1662 1045 1705 Dauid
1069 1662 1185 1716 capti
1208 1664 1388 1704 fuerunt
1420 1662 1465 1704 in
1489 1664 1652 1705 foresta
1685 1677 1814 1717 super
1836 1678 1972 1705 vnum
1997 1665 2177 1708 damum

453 1746 529 1786 per
562 1732 856 1775 forestarium.
928 1733 990 1774 Et
1022 1746 1098 1786 per
1130 1732 1298 1773 dictum
1332 1732 1613 1773 forestarium
1647 1732 1855 1774 dimissus
1887 1734 1968 1775 sub
1999 1735 2177 1788 pleuina

454 1802 667 1844 Willelmo
699 1802 939 1845 Grimbald’
966 1803 1007 1843 et
1043 1801 1212 1844 Simoni
1235 1801 1286 1842 de
1309 1802 1497 1842 Hocton'
1523 1801 1715 1842 habendi
1737 1816 1883 1844 coram
1907 1803 2176 1847 iusticiariis.

454 1872 696 1915 Willelmus
731 1872 851 1913 venit
884 1873 925 1913 et
962 1870 1156 1912 defendit
1188 1870 1412 1924 pleuinain
1455 1870 1591 1911 illam.
1654 1871 1715 1912 Et
1747 1871 1843 1913 ideo
1876 1873 2176 1916 adiudicatum

456 1944 522 1983 est
584 1942 624 1983 ei
674 1944 720 1984 vt
773 1941 979 1982 defendat
1028 1954 1071 1981 se
1120 1940 1363 1981 secundum
1416 1940 1602 1982 assisam
1656 1941 1828 1983 foreste.
1910 1943 1971 1984 Et
2027 1944 2178 1986 Simon

454 2011 598 2052 veniet
643 2025 751 2052 cras.
825 2011 983 2052 Postea
1028 2009 1152 2051 uenit
1197 2009 1419 2062 predictus
1465 2010 1710 2052 Willelmus
1754 2010 1997 2054 Grimbald'
2032 2027 2178 2055 coram

453 2080 707 2122 iusticiariis
730 2082 772 2122 et
795 2079 940 2133 posuit
964 2093 1008 2121 se
1030 2078 1076 2119 in
1098 2078 1417 2120 misericordia.

540 2150 703 2191 Villata
738 2149 788 2189 de
826 2148 1024 2189 Brechol’
1058 2147 1103 2188 in
1136 2147 1436 2189 misericordia
1470 2147 1571 2201 quia
1612 2162 1701 2189 non
1753 2148 2006 2192 habuerunt
2048 2165 2178 2205 quem

454 2218 775 2272 plegiauerunt.

542 2288 802 2342 Radulphus
825 2287 1012 2329 Neirnut
1036 2287 1086 2328 (16
1102 2287 1420 2328 ’.1’111·61116115011’4
1444 2286 1489 2327 in
1512 2286 1812 2329 misericordia
1830 2289 1932 2342 quia
1954 2289 2113 2332 balista
2137 2298 2178 2333 et

456 2372 581 2400 arcus
603 2358 789 2399 inuenta
812 2357 991 2398 fuerunt
1015 2356 1060 2396 in
1084 2356 1213 2398 domo
1237 2370 1316 2397 sua
1339 2355 1433 2397 sine
1455 2358 1664 2398 waranto.

543 2428 738 2481 Rogerus
771 2426 995 2470 Wandard
1028 2425 1074 2466 in
1112 2425 1412 2467 misericordia
1459 2439 1537 2478 pro
1583 2426 1800 2480 leporaria
1835 2427 1987 2470 habita
2024 2431 2177 2471 contra

454 2496 652 2538 assisam.

542 2564 620 2606 Hii
643 2567 746 2607 sunt
773 2564 847 2618 qui
875 2565 1053 2605 fuerunt
1078 2564 1133 2606 ad
1155 2563 1436 2605 retinendum
1459 2564 1727 2606 Willelmum
1745 2567 1759 2589 ⁵
1781 2565 2039 2608 viridarium
2063 2569 2177 2621 apud

456 2634 701 2683 Norhamt’‚
727 2634 952 2675 Johannes
988 2633 1174 2675 Samson
1207 2632 1456 2685 prepositus
1490 2633 1736 2684 Norhamt’‚
1771 2635 1927 2676 Petrus
1961 2636 2176 2686 Preston’‚

454 2703 710 2744 EmeraudG
762 2701 971 2751 Destreis‚
1025 2702 1270 2744 Willelmus
1322 2701 1439 2743 filius
1489 2703 1669 2756 Pagan’,
1724 2704 1969 2746 Gaufridus
2021 2706 2178 2748 Ruffus

455 2773 507 2813 de
530 2772 738 2825 Farding,
762 2771 979 2812 Restwald
1004 2770 1078 2813 Ca.

502 2909 507 2925 ¹
535 2906 656 2939 Words
685 2905 752 2937 and
776 2905 894 2937 letters
920 2905 955 2935 in
981 2915 1102 2944 square
1127 2905 1283 2936 brackets
1397 2908 1406 2923 ⁴¹
1433 2905 1517 2937 This
1544 2906 1633 2938 word
1667 2906 1695 2937 is
1721 2907 1847 2947 clearly
1875 2908 2009 2940 written
2034 2909 2069 2940 in
2095 2910 2177 2942 both

456 2962 513 2983 are
530 2951 634 2982 taken
652 2951 739 2981 from
765 2950 822 2980 the
846 2949 1042 2989 transcript,
1060 2949 1118 2980 the
1136 2949 1282 2988 original
1353 2951 1452 2986 texts,
1494 2950 1553 2981 but
1600 2951 1747 2990 perhaps
1794 2952 2019 2984 Chrewelton'
2059 2954 2087 2984 is
2126 2955 2176 2985 in-

455 2995 517 3026 1011
536 2995 635 3033 being
652 2993 828 3033 damagcd.
1353 2993 1486 3024 tended.

500 3041 510 3056 ²¹
535 3038 619 3069 This
634 3038 724 3068 word
742 3037 770 3068 is
789 3048 824 3068 so
842 3036 1008 3067 extended
1028 3037 1060 3067 in
1079 3036 1161 3067 both
1181 3038 1279 3068 texts.
1396 3039 1406 3054 ⁵
1432 3037 1516 3067 This
1534 3037 1562 3068 is
1581 3038 1742 3079 probably
1756 3038 1814 3070 the
1828 3039 1981 3071 william
2000 3041 2034 3071 of
2052 3041 2176 3072 8011111-

500 3084 510 3099 ³
536 3082 608 3112 The
630 3081 771 3117 reading
799 3081 831 3111 in
860 3081 916 3111 the
946 3080 1132 3119 transcript
1157 3081 1185 3110 is
1213 3081 1280 3111 ‘in-
1352 3081 1435 3111 wick
1454 3081 1651 3112 mentioned
1670 3093 1712 3113 on
1731 3093 1761 3122 p.
1781 3084 1810 3113 4.

456 3126 629 3165 16110361(
649 3124 759 3156 which
781 3125 806 3155 is
824 3124 988 3164 probany
1006 3134 1049 3154 an
1068 3134 1169 3154 orror.
1396 3126 1406 3141 ‘⁵
1431 3125 1502 3155 Tho
1520 3125 1660 3165 reading
1678 3128 1712 3156 ol'
1729 3126 1799 3157 this
1818 3137 1918 3158 namo
1936 3127 1964 3158 is
1983 3127 2150 3159 doubtful.
