2421 3529
487 261 547 306 88
955 269 1145 305 SELEcT
1180 270 1371 306 FOREsT
1407 271 1759 314 INQUISITIONS

485 386 708 438 ceperunt.
770 383 830 425 Et
870 383 1169 438 prenominati
1205 383 1330 426 missi
1368 384 1546 426 fuerunt
1584 384 1701 438 apud
1738 384 2015 438 Rokingham
2051 385 2106 426 ad
2142 385 2207 425 in-

483 452 819 506 prisonandum.
881 453 942 494 Et
965 452 1192 495 deliberati
1225 453 1402 494 fuerunt
1435 467 1511 507 per
1542 456 1798 508 preceptum
1831 453 1998 495 domini
2030 453 2210 495 Roberti

485 522 664 565 Passel’.

572 668 701 710 Anno
734 667 954 709 tricesimo
988 668 1193 709 secundo.
1246 668 1484 722 Inquisicio
1508 668 1625 711 facta
1648 668 1716 710 die
1735 668 1747 691 ¹
1780 668 1989 710 Mercurii
2010 668 2209 722 proxima

484 740 582 791 post
606 737 767 779 festum
795 737 938 779 sancti
969 737 1138 779 Mathei
1170 737 1356 791 apostoli
1388 751 1505 779 anno
1537 738 1693 791 rengni
1724 737 1837 791 regis
1870 738 2052 779 Henrici
2083 737 2208 779 trice-

485 806 596 848 simo
619 807 808 848 secundo
830 820 976 848 coram
998 807 1214 849 Willelmo
1247 806 1299 848 de
1331 807 1608 860 Norhampt'‚
1632 809 1736 848 tunc
1769 806 1930 848 balliuo
1962 807 2134 856 foreste,
2167 812 2211 847 et

485 890 631 918 coram
654 875 873 918 viridariis
897 878 938 918 et
962 876 1203 919 forestariis
1225 876 1366 930 patrie
1388 891 1464 930 per
1482 875 1715 926 Bricstok’,
1738 876 1962 930 Sutburg’,
1981 876 2208 927 Liueden',

485 945 726 996 Wadenho‚
751 945 1021 987 Audeuincle
1054 946 1105 987 de
1138 948 1278 988 morte
1313 945 1530 999 Stephani
1563 945 1614 987 de
1645 945 1862 996 Multona‚
1898 945 2130 995 forestarii,
2165 945 2210 986 in

486 1015 648 1056 foresta
670 1014 837 1056 domini
858 1015 972 1068 regis
996 1014 1141 1057 occisi.

574 1083 801 1126 Bricstoke
823 1084 943 1126 venit
966 1085 1021 1134 et,
1045 1084 1206 1134 iurata,
1231 1083 1335 1125 dicit
1359 1083 1473 1137 quod
1497 1083 1721 1126 Galfridus
1749 1083 1800 1125 de
1826 1083 2047 1137 Sutburgo
2070 1084 2207 1138 capel-

486 1153 615 1195 lanus
648 1153 908 1195 ministrans
940 1153 986 1194 in
1019 1153 1199 1195 ecclesia
1230 1153 1347 1195 beati
1379 1153 1498 1194 Petri
1521 1153 1572 1194 de
1607 1153 1874 1194 Audeuincle
1905 1167 2004 1194 cum
2032 1153 2209 1194 domino

485 1223 668 1276 Rogero,
692 1228 857 1265 rectore
881 1223 993 1264 dicte
1016 1223 1206 1273 ecclesie,
1226 1222 1382 1264 occidit
1405 1223 1571 1264 dictum
1598 1223 1872 1276 Stephanum
1897 1237 1996 1264 cum
2019 1222 2210 1276 quadam

487 1292 649 1345 sagitta
671 1292 896 1333 barbelata
920 1295 1043 1334 stans
1066 1306 1195 1346 super
1219 1292 1442 1345 quandam
1466 1306 1673 1345 quercum
1697 1291 1742 1332 in
1776 1292 1904 1333 bosco
1927 1291 2132 1334 Willelmi
2159 1291 2211 1332 (le

487 1362 654 1403 Musca.
717 1362 777 1403 Et
800 1362 972 1402 nullum
995 1362 1159 1404 habent
1192 1363 1445 1415 suspectum
1478 1361 1529 1403 de
1562 1363 1702 1403 morte
1735 1360 1841 1403 dicti
1876 1360 2093 1415 Stephani
2124 1360 2212 1401 nisi

488 1431 654 1472 dictum
677 1432 968 1485 capellanum.

574 1653 702 1695 Anno
745 1652 964 1695 tricesimo
1002 1652 1149 1694 tercio.
1214 1651 1481 1706 2Inquisicio
1519 1652 1635 1694 facta
1667 1651 1768 1693 die3
1801 1651 2063 1693 Animarum
2096 1665 2212 1693 anno

487 1722 643 1777 rengni
675 1722 789 1776 regis
821 1722 1004 1764 Hemici
1035 1721 1257 1764 tricesimo
1289 1721 1423 1764 tercio
1451 1735 1598 1763 coram
1621 1721 1838 1764 Willelmo
1861 1721 1913 1763 de
1936 1721 2211 1775 Norhampt’,

487 1794 594 1834 tunc
626 1792 788 1834 balliuo
830 1792 1003 1842 foreste,
1037 1793 1079 1833 et
1122 1805 1269 1833 coram
1310 1790 1532 1833 viridariis
1574 1793 1616 1832 et
1649 1790 1891 1832 forestariis
1923 1789 2064 1844 patrie
2096 1790 2212 1844 apud

488 1862 677 1916 Pipwell'
698 1863 749 1905 de
773 1862 961 1916 quodam
980 1875 1108 1904 ceruo
1131 1862 1183 1904 de
1206 1876 1289 1916 quo
1306 1862 1523 1905 Willelmo
1547 1862 1598 1903 de
1620 1861 1773 1903 insula
1787 1860 2077 1918 inputabatur
2099 1861 2212 1914 quod

488 1932 663 1974 deberet
695 1932 820 1973 illum
852 1932 1018 1986 cepisce
1050 1931 1096 1973 in
1129 1931 1409 1982 Loutelund’,
1443 1931 1656 1981 videlicet,
1696 1945 1771 1985 per
1814 1933 2001 1984 quatuor
2038 1930 2212 1972 villatas

488 2001 822 2055 propinquiores
874 2001 925 2043 de
977 2000 1237 2051 Loutelond,
1287 2000 1500 2050 videlicet,
1554 2014 1630 2053 per
1674 1999 1929 2052 Deseburg’,
1974 1999 2211 2053 Braybroc,

488 2070 818 2121 Hetherinton’,
843 2070 958 2124 Torp
982 2070 1062 2112 sub
1083 2070 1227 2112 bosco.

577 2139 814 2193 Deseburg’
859 2139 979 2181 venit
1026 2141 1083 2189 et,
1127 2139 1286 2188 iurata,
1341 2137 1445 2180 dicit
1496 2138 1611 2192 quod
1661 2137 1905 2180 Willelmus
1958 2137 2009 2178 de
2061 2137 2214 2179 Insula

489 2207 717 2250 inmunis4
740 2210 804 2250 est
827 2222 853 2250 a
884 2208 1088 2262 capcione
1120 2208 1237 2249 illius
1270 2207 1389 2249 cerui
1421 2207 1473 2248 de
1506 2221 1590 2261 quo
1613 2206 1928 2261 inputabatur;
1964 2209 2006 2248 et
2039 2207 2213 2247 nullum

489 2278 817 2320 malefactorem
840 2277 1060 2332 cognoscit
1082 2277 1129 2318 in
1151 2278 1314 2319 foresta
1337 2277 1504 2319 domini
1526 2277 1654 2331 regis.

578 2347 801 2401 Braybroc
823 2346 942 2388 venit
965 2348 1021 2397 et,
1046 2346 1206 2397 iurata,
1231 2346 1334 2388 dicit
1357 2346 1488 2388 idem.

579 2416 890 2458 Hetherinton’
914 2416 1033 2459 venit
1056 2419 1111 2467 et,
1136 2416 1295 2467 iurata,
1320 2416 1425 2459 dicit
1447 2416 1576 2458 idem.

258 2498 414 2524 Momm-an·
579 2487 693 2540 Torp
717 2486 796 2528 sub
818 2486 946 2529 bosco
968 2500 1058 2529 non
1080 2486 1218 2529 uenit.

257 2534 335 2559 dum.

580 2704 708 2746 Anno
755 2703 976 2747 tricesimo
1018 2704 1165 2747 tercio.
1228 2705 1396 2747 Accidit
1439 2704 1536 2747 (11θῦ
1572 2704 1753 2747 Veneris
1796 2704 1842 2746 in
1884 2705 2032 2759 vigilia
2074 2704 2214 2747 sancti

491 2773 720 2814 Edmundi
735 2773 848 2826 regis
866 2788 982 2816 anno
1000 2774 1154 2827 rengni
1168 2773 1282 2827 regis
1297 2773 1479 2815 Henrici
1494 2773 1713 2815 tricesimo
1729 2774 1862 2816 tercio
1875 2774 1988 2828 quod
2002 2775 2215 2816 Ricardus

494 2843 545 2884 de
577 2842 777 2893 Horton’,
801 2844 907 2884 tunc
934 2843 1190 2885 forestarius
1222 2857 1352 2896 eques
1385 2843 1431 2883 in
1463 2857 1594 2897 parco
1627 2843 1677 2884 de
1709 2843 1941 2893 Bricstok’,
1965 2843 2137 2885 inuenit
2169 2843 2215 2883 in

493 2912 683 2965 quodam
715 2912 878 2955 fossato
922 2913 1001 2954 sub
1039 2913 1142 2955 villa
1179 2913 1230 2954 de
1273 2913 1494 2955 Bouhton’
1529 2915 1716 2966 quatuor
1754 2913 1951 2954 membra
1987 2913 2215 2954 cuiusdam

493 2981 644 3033 bestie,
670 2995 752 3036 que
774 2996 874 3024 cum
892 2982 1134 3025 inuenisset
1152 2983 1293 3024 dictus
1308 2982 1522 3024 Ricardus
1542 2982 1653 3024 uidit
1675 2985 1762 3024 tres
1776 2982 1976 3024 homines
1992 2982 2216 3024 uenientes

539 3067 546 3084 ¹
574 3068 615 3097 23
634 3067 833 3107 September
853 3068 947 3099 1248.
1435 3070 1446 3086 ⁵
1473 3070 1512 3100 19
1536 3068 1728 3100 November
1753 3068 1848 3098 1248.
1895 3067 1968 3098 The
1996 3068 2083 3099 feast
2108 3067 2142 3098 of
2168 3067 2215 3098 St.

539 3112 550 3128 ²
576 3111 637 3142 See
654 3121 686 3150 p.
706 3113 747 3142 3ss
765 3111 881 3143 above.
1390 3112 1554 3143 Edmund
1571 3112 1652 3151 king
1678 3111 1746 3143 and
1772 3114 1902 3151 martyr
1931 3121 2040 3142 seems
2066 3114 2100 3142 to
2128 3111 2215 3142 have

540 3156 551 3172 ³
576 3154 736 3195 Monday,
755 3157 773 3186 2
791 3156 982 3187 November
1001 3157 1096 3186 1248.
1393 3156 1476 3187 been
1488 3155 1776 3187 commemorated
1788 3165 1831 3186 on
1843 3156 1885 3186 20
1896 3155 2095 3192 November,
2105 3154 2215 3185 which

505 3242 516 3272 1
540 3199 551 3216 ¹⁸
566 3198 653 3273 ἔξω]
665 3201 739 3230 truc
757 3199 897 3239 reading
921 3200 955 3231 of
980 3200 1049 3232 this
1075 3200 1163 3232 word
1189 3200 1217 3231 is
1245 3210 1322 3241 very
1392 3200 1427 3230 in
1446 3200 1515 3230 this
1531 3210 1611 3240 year
1629 3210 1696 3231 was
1715 3199 1807 3230 itself
1823 3209 1842 3230 a
1860 3198 1994 3240 Friday.

497 3254 507 3272 t
520 3252 562 3273 ou
620 3253 640 3273 u
658 3266 664 3274 .
