2421 3529
460 266 552 312 104
914 273 1100 308 sELEo‘r
1135 271 1325 306 FonnsT
1362 270 1712 313 INQUISITIONS

458 387 625 430 domini
646 387 852 429 Edwardi
874 386 952 428 filii
975 386 1088 439 regis
1118 385 1186 426 die
1217 384 1375 426 Martis
1407 386 1450 425 eb
1482 383 1575 425 die¹
1609 382 1817 425 Mercurii
1848 382 2056 437 proximis
2088 384 2187 437 posi,

459 456 820 500 Purificacionem
842 456 966 498 beate
988 454 1126 497 Mai-ie
1149 468 1265 496 anno
1288 453 1439 496 eodem
1462 453 1507 495 in
1531 453 1692 495 foresta
1714 452 1766 494 (16
1788 451 2082 505 Rokingham.

546 661 627 702 Per
669 659 813 700 breue.
875 658 1071 711 Rogerus
1113 656 1165 698 de
1206 656 1329 697 Ferr’
1373 654 1485 709 cepib
1527 654 1572 695 in
1615 655 1776 696 foresta
1819 654 1870 695 (16
1904 653 2182 707 Rokingham

457 728 705 783 quindecim
729 728 882 769 damas
905 728 947 768 61]
970 725 1162 780 quinque
1185 725 1336 766 damos
1359 723 1481 765 viuos
1505 723 1559 764 ad
1582 737 1691 776 opus
1715 722 1881 763 domini
1902 722 2109 764 Willelmi
2131 721 2183 762 de

456 799 594 847 Ferr’‚
619 796 791 838 comitis
833 795 979 844 Derb’,
1003 795 1058 836 ad
1101 794 1335 848 quemdam
1368 806 1550 846 parcum
1582 790 1925 832 insinaurandum
1957 791 2009 832 de
2041 791 2183 831 dono²

457 866 626 908 domini
648 865 761 920 regis
784 865 830 906 in
852 863 1017 906 Marcio
1041 877 1156 906 anno
1181 863 1346 912 eodem,
1371 864 1412 904 et
1435 874 1571 903 vnum
1598 861 1790 902 fetonem
1822 861 2048 901 mortuum
2070 859 2183 913 cepit

458 936 609 977 eodem
634 937 844 989 tempore.

545 1067 713 1110 Accidih
751 1066 847 1108 die3
884 1065 1065 1109 Veneris
1100 1064 1297 1118 proxima
1330 1066 1428 1118 post
1466 1064 1628 1105 festum
1661 1062 1958 1116 apostolorum
1993 1060 2112 1103 Petri
2143 1063 2186 1103 eb

460 1137 586 1179 Pauli
623 1150 740 1178 anno
783 1137 933 1177 eodem
976 1135 1090 1188 quod
1133 1133 1336 1174 dominus
1378 1132 1619 1173 Mauricius
1652 1131 1896 1185 Daundely,
1935 1130 2184 1179 viridarius,

459 1206 577 1248 venii
611 1206 727 1260 apud
760 1205 959 1247 Grafton’
995 1204 1049 1245 ad
1083 1203 1261 1244 domum
1296 1201 1500 1243 Willelmi
1531 1201 1582 1242 de
1614 1201 1656 1242 la
1679 1201 1843 1241 Bruere
1866 1202 1907 1240 et
1930 1199 2101 1240 1111161111
2124 1198 2184 1240 ibi

459 1277 567 1317 duos
600 1275 835 1328 leporarios
867 1275 910 1315 et
942 1272 1172 1325 inquisiuit
1205 1271 1328 1312 cuius
1362 1271 1555 1319 fuerunt,
1589 1272 1632 1311 et
1664 1270 1831 1310 dictum
1864 1269 1946 1310 fuit
1989 1268 2027 1310 ei
2069 1268 2183 1321 quod

459 1345 637 1385 fuerunt]
660 1342 872 1384 Iohannis
896 1341 1087 1384 Cardun.
1149 1339 1378 1381 Predictus
1397 1338 1635 1380 Mauricius
1657 1339 1770 1392 cepit
1789 1338 1925 1379 dictos
1947 1336 2184 1391 leporarios

459 1416 502 1455 et
537 1427 608 1455 606
649 1412 852 1453 liberauit
895 1410 1085 1452 Iohanni
1129 1408 1376 1462 Spigurnel,
1412 1407 1640 1449 forestario
1681 1407 1817 1461 equiti
1859 1407 1910 1447 de
1952 1419 2096 1459 parco,
2141 1408 2183 1447 et

458 1482 733 1525 athachiauit
748 1481 992 1535 predictum
1004 1480 1248 1521 Iohannem
1260 1478 1436 1520 Cardun
1450 1476 1740 1531 respondendi
1755 1490 1901 1518 coram
1916 1474 2183 1517 iusticiariis.

459 1553 570 1593 Eius
592 1551 745 1606 plegii’
782 1583 792 1592 .
828 1582 837 1592 .
874 1583 883 1591 .
920 1550 947 1590 :²

548 1621 738 1662 Predicti
770 1620 856 1661 duo
887 1617 1091 1673 leporarii
1123 1616 1346 1658 commissi
1383 1616 1562 1658 fuerunt
1600 1613 1776 1656 domino
1814 1614 1867 1657 G.
1902 1613 1952 1655 (16
1990 1612 2184 1666 Langel’,

459 1690 699 1734 iusticiario
721 1691 892 1732 foreste.

547 1901 763 1944 Dominus
786 1901 837 1942 R.
862 1914 1005 1943 comes
1029 1899 1217 1942 Cornub'
1243 1897 1357 1952 cepit
1379 1897 1425 1939 in
1452 1911 1582 1951 parco
1614 1896 1666 1939 de
1697 1895 1914 1937 Brixstok’
1940 1894 2035 1938 die⁵
2057 1895 2182 1937 Lune

458 1972 504 2013 in
527 1970 720 2013 crastino
743 1969 1067 2012 Translacionis
1091 1968 1233 2010 sancti
1256 1968 1421 2009 Thome
1444 1966 1638 2008 martiris
1661 1979 1777 2007 anno
1809 1965 1960 2006 eodem
1992 1964 2182 2018 quinque

458 2041 636 2090 damos3
671 2043 713 2082 61]
736 2040 804 2081 die
827 2039 984 2081 Martis
1005 2037 1204 2092 proxima
1228 2036 1428 2090 sequenti
1450 2035 1496 2076 in
1520 2035 1670 2077 eodem
1694 2047 1824 2087 parco
1848 2036 1935 2075 tres
1957 2033 2122 2074 damos.

547 2110 669 2151 Idem
702 2122 846 2150 comes
878 2107 991 2161 cepit
1024 2106 1121 2148 (1166
1152 2104 1358 2147 Mercurii
1389 2104 1588 2158 proxima
1620 2102 1818 2157 sequenti
1850 2103 1895 2143 in
1927 2102 2090 2144 balliua
2132 2102 2184 2144 de

459 2178 674 2232 Rokingh’
700 2191 860 2218 nouem
883 2176 1037 2217 damos
1059 2177 1101 2216 ei:
1124 2174 1169 2215 in
1193 2174 1357 2215 balliua
1379 2174 1430 2214 de
1453 2186 1584 2227 parco
1607 2172 1714 2213 duos
1738 2172 1904 2213 damos.

547 2247 669 2289 Idem
713 2259 856 2287 comes
899 2244 1012 2298 cepit)
1055 2243 1151 2284 die⁷
1192 2243 1312 2284 Iouis
1353 2241 1552 2296 proxima
1594 2239 1793 2294 sequenti
1836 2239 1881 2280 in
1929 2239 2092 2281 balliua
2133 2240 2185 2282 (16

459 2316 736 2369 Rokingham
760 2328 896 2356 vnum
919 2326 1099 2354 ceruum
1123 2314 1165 2353 et
1188 2312 1296 2352 duos
1319 2311 1487 2353 damos.

547 2386 670 2427 Idem
713 2397 856 2426 comes
898 2382 1011 2436 cepit
1053 2381 1098 2421 in
1141 2394 1271 2434 parco
1309 2380 1377 2421 die
1393 2380 1407 2402 3
1446 2378 1651 2421 Mercurii
1693 2380 1796 2420 ante
1839 2378 2001 2419 festum
2036 2379 2186 2419 sancte

459 2456 707 2508 Margarebe
738 2466 874 2495 vnum
907 2452 1115 2499 damum3
1160 2451 1201 2491 et
1234 2449 1302 2491 die
1334 2449 1452 2491 Iouis
1489 2447 1688 2503 proxima
1720 2447 1920 2501 sequenti
1951 2446 1996 2488 in
2033 2447 2183 2490 eodem

458 2537 588 2579 parco
611 2525 796 2577 quatuor
819 2522 984 2570 damos,
1009 2522 1050 2562 et
1072 2520 1118 2561 in
1141 2518 1303 2561 balliua
1326 2519 1377 2560 de
1400 2518 1528 2560 firma
1550 2517 1740 2571 quinque
1764 2516 1929 2559 damos.

547 2803 763 2845 Dominus
789 2801 1040 2856 Sbephanus
1064 2801 1115 2843 de
1138 2801 1320 2855 Feuger’
1346 2800 1459 2854 cepit
1483 2813 1614 2841 Vnam
1638 2798 1814 2840 damam
1839 2811 1938 2838 cum
1961 2794 2186 2850 leporariis

459 2872 549 2914 suis
586 2873 632 2913 in
669 2872 864 2913 Driffeld'
903 2870 1000 2913 die⁹
1037 2870 1194 2912 Martis
1230 2869 1427 2924 proxima
1460 2871 1562 2911 ante
1595 2869 1756 2909 festum
1799 2865 1941 2909 sancti
1982 2864 2101 2907 Petri
2133 2863 2188 2905 ad

456 2941 642 2983 Vincula
665 2955 781 2983 anno
805 2941 968 2982 eodem.

505 3027 510 3044 ¹
539 3027 568 3062 6,
590 3028 607 3058 7
625 3026 798 3066 February
817 3026 911 3067 1253.
1406 3023 1416 3040 ⁴
1442 3021 1501 3053 Six
1518 3031 1650 3052 names.
1843 3021 1854 3036 ⁵
1879 3021 1898 3050 8
1915 3018 1996 3058 July
2015 3018 2109 3048 1252.

504 3071 515 3087 ²
539 3071 589 3110 By
601 3070 717 3101 letters
732 3070 822 3100 c1ose
835 3069 935 3100 dated
950 3070 990 3099 22
1004 3068 1178 3108 February
1195 3068 1289 3108 1251}
1405 3068 1416 3083 ⁶
1441 3067 1481 3097 10
1498 3065 1580 3105 ‚July
1599 3065 1693 3095 1259.

463 3114 524 3145 See
542 3114 640 3144 Close
657 3113 733 3144 Roll
752 3114 803 3149 (56,
824 3113 947 3144 memb.
967 3114 1018 3143 23.
1405 3112 1414 3127 ⁷
1441 3111 1480 3139 11
1498 3109 1578 3148 July
1597 3110 1691 3139 1252.

507 3160 518 3175 ³
542 3159 559 3187 5
579 3156 659 3197 ‚July
678 3158 772 3188 1252.
1401 3154 1411 3171 ⁵
1438 3154 1475 3185 17
1494 3152 1573 3193 July
1592 3153 1686 3182 1252.
1843 3152 1853 3167 ⁹
1878 3150 1919 3181 30
1936 3148 2017 3189 July
2034 3149 2129 3178 1252.
