2421 3529
251 598 383 628 exigatur

252 636 277 654 et
294 631 452 659 vtlagetur.

259 871 377 895 dimidia

257 913 312 929 mzu
319 912 360 928 ca.

263 1427 270 1457 j
293 1434 395 1450 marca.

271 2053 435 2082 preceptum

273 2087 324 2108 est.

271 2333 376 2357 miseri-

272 2368 337 2390 corsl
344 2368 377 2391 iat.

279 2725 383 2748 miseri-

277 2759 380 2781 vor-lim

273 2792 292 2822 ij
310 2799 410 2816 marce.

481 256 539 301 18
740 264 1045 298 snmc'rioxs
1082 264 1219 298 FIwM
1255 264 1356 298 THE
1395 264 1582 298 FonnsT
1619 264 1755 299 EYRE
1792 266 1951 301 RoLLs

480 394 555 432 per
578 378 808 420 viridarios
832 377 945 432 quod
969 377 1072 419 dicti
1095 377 1331 420 Osebertus
1355 380 1397 419 et
1430 377 1670 421 Geruasius
1705 379 1884 421 fuerunt
1911 379 2052 434 aperti
2075 379 2207 421 male-

484 451 669 492 factores
706 449 757 490 de
794 449 1044 490 venacione.
1108 448 1168 488 Et
1211 447 1451 489 Geruasius
1483 449 1602 489 venit
1635 450 1677 489 et
1708 449 1919 491 liberatus
1951 450 2035 491 fuit
2068 449 2209 492 archi-

484 520 666 560 diacono
690 521 737 559 ut
761 520 881 571 patet
914 531 1047 570 supra
1070 517 1183 558 inter
1215 517 1408 570 placita.¹
1471 518 1530 558 Et
1554 518 1789 559 Osebertus
1824 520 1953 561 modo
1979 534 2067 561 non
2090 518 2212 560 venit

485 602 564 630 nec
588 587 744 641 aliquis
767 586 862 627 uult
886 600 984 626 eum
1008 599 1301 638 manucapere
1326 586 1394 627 uel
1426 600 1504 639 pro
1527 600 1576 627 eo
1598 587 1873 639 respondere,
1898 588 1993 629 ideo
2016 588 2214 641 exigatur

487 659 528 699 et
552 658 784 709 vtlagetur.

576 726 834 778 Preceptum
857 724 940 765 fuit
978 738 1052 777 per
1083 724 1323 765 Robertum
1342 725 1355 746 2
1382 724 1544 765 Passel’
1574 725 1615 765 et
1646 724 1785 766 socios
1819 739 1920 767 suos
1953 725 2216 767 iusticiarios

489 796 748 837 itinerantes
786 794 938 836 vltimo
973 794 1043 834 hic
1078 794 1132 835 ad
1169 794 1330 847 placita
1369 795 1526 835 foreste
1565 794 1678 847 quod
1713 794 1869 835 domus
1903 793 2128 836 Vincencii
2163 794 2215 834 de

493 864 685 917 Stanleg’
715 863 913 914 (dimidia
936 866 1104 914 marca)
1137 862 1182 903 in
1206 863 1432 917 Litleheye
1465 863 1610 904 leuat-e
1632 863 1685 905 ad
1719 865 2036 904 nocumentum
2060 864 2218 904 foreste

491 934 930 988 proste1·nerentur³;
976 933 1090 986 quod
1133 933 1215 974 fuit
1257 932 1501 986 inpeditum
1546 947 1622 986 per
1671 933 1884 986 quosdam
1923 933 2125 975 Colinum
2169 932 2220 973 de

493 1005 679 1046 Merton’
704 1006 746 1044 et
776 1003 1012 1044 Ricardum
1037 1003 1088 1044 de
1111 1002 1354 1044 Toleslond’
1380 1003 1566 1044 balliuos
1589 1002 1781 1056 Philippi
1804 1003 1855 1043 de
1885 1002 2088 1045 Stanton’
2113 1004 2219 1043 tunc

493 1073 758 1115 vicecomitis
781 1072 939 1113 Hunt’.
1002 1072 1062 1113 Et
1094 1071 1291 1112 viridarii
1313 1073 1536 1113 testantur
1560 1071 1673 1125 quod
1706 1085 1805 1112 cum
1832 1071 1916 1125 ipsi
1939 1073 1981 1114 et
2005 1070 2223 1112 forestarii

495 1144 717 1184 venissent
740 1142 794 1183 ad
818 1141 957 1183 dictas
975 1142 988 1164 ⁴
1017 1141 1168 1182 domos
1200 1142 1544 1194 prosternendas
1569 1141 1681 1182 sicut
1697 1143 1711 1165 5
1735 1141 1817 1182 fuit
1840 1143 2094 1195 preceptum
2119 1140 2221 1182 dicti

496 1212 673 1255 Colinus
716 1214 758 1252 et
799 1211 1011 1252 Ricardus
1054 1211 1105 1252 de
1150 1211 1359 1252 Tolelind’
1403 1210 1693 1252 inhibuerunt
1735 1211 1795 1252 eis
1839 1211 1952 1264 quod
1994 1225 2083 1252 non
2125 1224 2222 1264 pro-

496 1283 742 1324 sternerent
786 1281 913 1322 illas6
944 1281 1106 1322 domos
1169 1280 1229 1322 Et
1267 1294 1366 1321 cum
1400 1280 1619 1322 forestarii
1660 1294 1819 1322 manus
1862 1280 1989 1321 dictis
2024 1280 2224 1321 domibus

496 1351 792 1406 inposuissent
828 1351 881 1392 ad
914 1351 1011 1392 illas
1044 1350 1422 1404 discooperiendas
1455 1353 1497 1391 et
1531 1350 1872 1405 prosternendas
1908 1350 2012 1391 dicti
2047 1349 2224 1392 Colinus

497 1422 701 1471 (dimidia
734 1424 898 1469 marca)
937 1423 978 1461 et
1023 1420 1236 1461 Ricardus
1276 1420 1473 1471 (dimidia
1506 1424 1671 1470 marca)
1709 1419 1826 1474 ipsos
1863 1419 1906 1461 vi
1947 1420 2226 1474 repulserunt

498 1492 691 1533 dicentes
723 1490 836 1544 quod
869 1491 989 1532 nullo
1016 1490 1144 1531 modo
1177 1492 1453 1544 prosternere
1495 1489 1802 1544 permitterent
1838 1489 1939 1543 quia
1971 1490 2225 1543 preceptum

499 1560 690 1614 Philippi
732 1560 783 1601 de
833 1560 1036 1602 Stanton'
1076 1562 1182 1601 tunc
1227 1559 1493 1601 vicecomitis
1528 1559 1668 1600 Hunt’
1704 1559 1805 1600 inde
1838 1559 2103 1600 habuerunt.
2166 1559 2227 1599 Et

499 1629 695 1672 viridarii
726 1632 768 1670 et
805 1628 1023 1670 forestarii
1060 1629 1114 1670 ad
1149 1628 1293 1682 ipsum
1328 1628 1626 1670 vicecomitem
1656 1630 1933 1670 accesserunt
1956 1628 2096 1669 eidem
2126 1627 2228 1669 inti-

501 1703 673 1742 mantes
691 1700 816 1752 quale
838 1701 1092 1752 preceptum
1125 1699 1376 1739 habuerunt
1407 1698 1458 1739 de
1491 1697 1617 1738 dictis
1649 1696 1788 1738 domis
1820 1696 2162 1750 prosternendis,
2186 1698 2228 1738 et

502 1770 718 1824 quomodo
749 1783 825 1822 per
859 1768 1043 1809 balliuos
1078 1782 1179 1809 suos
1217 1767 1436 1822 predictos
1473 1781 1548 1821 per
1592 1769 1847 1821 preceptum
1883 1781 2012 1807 suum
2050 1767 2229 1807 fuerunt

502 1839 715 1893 impediti.
778 1838 839 1879 Et
877 1837 1019 1878 dictus
1061 1837 1303 1878 vicecomes
1341 1836 1449 1877 dixit
1483 1836 1596 1889 quod
1630 1836 1803 1876 nullum
1841 1838 2095 1889 preceptum
2130 1835 2230 1876 inde

502 1909 754 1951 habuerunt
793 1907 846 1948 ab
882 1921 944 1956 eo,
979 1909 1042 1947 set
1076 1907 1242 1948 factum
1275 1920 1426 1948 eorum
1459 1905 1635 1959 penitus
1668 1904 1985 1952 deaduocauit;
2020 1904 2132 1946 vnde
2170 1903 2230 1945 sic

503 1979 701 2019 remanet
723 1978 977 2031 preceptum
1013 1975 1355 2017 iusticiariorum
1388 1977 1430 2016 et
1463 1974 1694 2016 comodum
1728 1973 1894 2015 domini
1926 1973 2039 2026 regis
2062 1974 2113 2014 de
2136 1987 2230 2026 pre-

504 2047 631 2088 dictis
664 2046 865 2087 domibus
898 2045 1226 2099 prosternendis
1265 2045 1570 2099 inperfectum.
1633 2044 1693 2084 Et
1735 2043 1834 2084 ideo
1876 2044 2130 2096 preceptum
2166 2044 2231 2083 est

505 2116 749 2159 vicecomiti
790 2116 904 2169 quod
948 2115 1080 2156 faciat
1117 2114 1264 2156 venire
1314 2114 1365 2155 de
1410 2114 1477 2154 die
1525 2113 1570 2154 in
1606 2112 1720 2154 diem
1763 2111 1900 2153 dictos
1944 2112 2148 2154 Colinum
2190 2113 2232 2152 et

505 2187 759 2229 Ricardum.
838 2186 996 2227 Postea
1044 2184 1164 2226 venit
1211 2184 1425 2225 Ricardus
1468 2185 1510 2224 et
1558 2196 1647 2223 non
1693 2181 1836 2235 potuit
1879 2181 2075 2223 dedicere
2127 2181 2232 2234 quin

506 2256 721 2310 inpediret
754 2254 891 2296 dictos
921 2253 1172 2296 forestarios
1195 2255 1237 2295 et
1259 2252 1489 2295 viridarios
1512 2253 1561 2293 ut
1587 2251 1833 2305 predictum
1867 2252 1946 2301 est,
1972 2251 2013 2292 et
2036 2250 2116 2292 hoc
2140 2250 2234 2292 sine

508 2328 727 2374 waranto;
762 2325 858 2365 ideo
881 2324 926 2364 in
948 2322 1263 2364 misericordia.

597 2394 783 2446 Quidam
813 2393 969 2434 damus
1002 2395 1156 2445 captus
1181 2391 1262 2433 fuit
1288 2391 1333 2432 in
1357 2404 1512 2444 campo
1542 2390 1593 2431 de
1615 2389 1867 2432 VVeninton'
1893 2388 1961 2429 die
1979 2386 1993 2412 ⁷
2028 2387 2235 2429 Mercurii

508 2463 705 2518 proxima
741 2464 839 2516 post
878 2462 1038 2503 festum
1078 2460 1219 2502 sancti
1254 2459 1454 2512 Gregorii
1492 2472 1608 2500 anno
1646 2457 1867 2499 tricesimo
1903 2458 1951 2498 ut
1994 2456 2234 2498 dicebatur.

508 2532 746 2586 Inquisicio
789 2532 904 2572 facta
947 2530 1029 2571 fuit
1071 2544 1147 2585 per
1189 2530 1361 2571 villatas
1403 2528 1574 2570 Valton’
1620 2528 1653 2582 (j
1689 2527 1872 2581 marca),
1905 2526 2057 2568 Rauel'
2093 2526 2237 2567 Parua

515 2602 710 2654 (dimidia
733 2604 915 2649 marca),
936 2601 1111 2653 Ripton’
1137 2598 1318 2640 Abbatis
1341 2598 1475 2649 (alibi)
1494 2599 1535 2638 et
1558 2597 1809 2640 Weninton’
1835 2595 2033 2646 (dimidia
2054 2599 2236 2645 marca),

513 2672 586 2726 qui
609 2671 760 2712 dicunt
784 2670 896 2723 quod
920 2669 1055 2710 nichil
1090 2669 1249 2710 sciunt.
1312 2669 1371 2709 Et
1394 2667 1497 2721 quia
1520 2666 1668 2708 villate
1691 2680 1779 2707 non
1803 2667 2020 2707 venerunt
2042 2663 2237 2718 plenarie

513 2743 608 2790 etc„
631 2740 726 2781 ideo
749 2739 793 2779 in
817 2737 1127 2779 misericordia.

602 2809 797 2861 Quedam
821 2808 950 2848 dama
973 2806 1156 2848 inuenta
1178 2806 1260 2846 fuit
1278 2807 1453 2847 mortua
1471 2803 1643 2847 morina
1666 2803 1710 2844 in
1733 2817 1887 2857 campo
1910 2803 1961 2844 de
1983 2801 2237 2843 Alcumbir'.

512 2878 749 2932 Inquisicio
773 2877 866 2918 fuit.
929 2877 989 2917 Et
1024 2876 1125 2929 quia
1155 2875 1302 2916 villate
1326 2875 1376 2916 de
1410 2874 1647 2915 Alcumbir’
1677 2878 1742 2923 (xx
1766 2877 1818 2923 s),
1843 2873 1986 2914 Parua
2021 2871 2238 2914 Stiuekele

559 2997 563 3013 ¹
592 2996 654 3026 See
673 3005 702 3034 p.
723 2995 773 3029 13,
790 3003 906 3034 snpra.
1411 2992 1451 3021 29
1470 2992 1558 3021 Hen.
1577 2991 1641 3021 III.
1769 2991 1780 3007 ³
1806 2989 1876 3020 MS.
1895 2993 1900 3005 ‘
1916 2986 2237 3028 prosternarentur.’

556 3041 567 3057 ²
590 3040 662 3070 The
691 3039 806 3069 letters
832 3039 949 3077 patent
981 3035 1184 3075 appointing
1216 3035 1341 3065 Robert
1457 3035 1465 3051 ⁴
1491 3035 1562 3065 MS.
1588 3034 1738 3065 ‘dictos.’

511 3083 579 3114 and
606 3083 660 3113 his
688 3082 815 3113 fellows
840 3081 1004 3111 itinerant
1034 3080 1175 3118 justices
1200 3089 1256 3110 are
1281 3082 1340 3109 not
1455 3080 1466 3095 ⁵
1490 3078 1574 3109 This
1591 3077 1680 3109 word
1698 3078 1726 3108 is
1744 3076 1901 3116 repeated
1920 3077 1954 3106 in
1973 3075 2030 3106 the
2048 3074 2119 3105 MS.

512 3126 685 3162 enrolled;
725 3126 784 3156 but
816 3127 874 3155 the
906 3126 1154 3155 amercements
1187 3124 1220 3153 of
1252 3123 1341 3153 their
1455 3124 1465 3139 '³
1490 3123 1560 3153 Ms.
1579 3122 1706 3152 ‘allas’

513 3182 587 3210 eyre
621 3180 676 3202 are
708 3169 856 3200 enrolled
898 3169 931 3198 in
972 3168 1029 3198 the
1062 3167 1143 3206 I’ipe
1176 3166 1270 3197 Rolls
1306 3168 1340 3197 of
1455 3170 1461 3183 ²
1490 3168 1529 3196 14
1548 3166 1666 3197 March
1687 3165 1776 3205 1242.
