2421 3529
209 1012 273 1037 misr
279 1010 408 1036 riom-dia.

212 1368 320 1398 precept
327 1372 380 1389 uni.

224 2208 352 2239 prisona.

431 258 493 302 44
685 267 993 301 SELEOTIONS
1029 266 1168 300 FROM
1205 266 1308 300 TIIE
1345 266 1534 301 FOREST
1570 267 1707 301 EYRE
1743 262 1904 302 ROLLS

431 380 609 422 Petrum
627 379 678 421 de
692 379 1003 433 pringham,
1019 378 1249 420 viridarios
1272 378 1465 420 eiusdem
1489 379 1660 427 foreste,
1678 378 1792 431 quod
1816 379 2003 433 quedam
2026 378 2158 421 dama

431 449 615 490 inuenta
638 448 720 489 fuit
742 448 788 489 in
809 448 938 490 bosco
959 448 1162 501 Hugonis
1184 447 1236 489 de
1258 447 1555 501 pringham
1577 447 1753 489 bersata
1785 450 1827 490 et
1859 449 2035 489 mortua
2059 447 2126 489 die
2145 446 2157 470 ¹

436 516 578 559 sancti
600 516 746 559 Iacobi
768 529 885 558 anno
907 516 1030 569 regni
1052 515 1166 569 regis
1188 515 1372 568 predicti
1395 516 1729 569 quadragesimo
1752 530 1884 569 quam
1908 516 2160 570 Stephanus

435 586 488 628 de
528 586 825 639 pringham
868 588 974 627 tunc
1013 585 1298 626 wodeuardus
1341 585 1536 626 eiusdem
1574 584 1693 626 bosci
1729 585 1872 638 primo
1907 585 2080 627 inuenit
2117 587 2161 627 et

436 655 627 696 ostendit
660 655 850 696 Roberto
881 654 1071 703 Prutfot,
1106 656 1210 695 tunc
1241 653 1470 695 forestario
1499 653 1666 695 domini
1695 653 1822 707 regis,
1850 654 1924 707 qui
1957 667 2036 707 pro
2068 667 2161 695 sus-

437 723 608 776 picione
650 722 844 765 eiusdem
879 723 1005 764 dame
1043 723 1215 763 bersate
1257 721 1445 763 traditus
1480 722 1565 763 fuit
1605 735 1682 774 per
1719 722 1943 775 pleuinam
1976 721 2164 764 Ricardo

438 791 527 833 filio
560 790 740 833 Iordani
772 791 823 832 de
865 790 1164 844 pringham
1197 794 1240 831 et
1282 789 1488 831 Michaeli
1530 789 1620 832 filio
1661 789 1890 832 Michaelis
1927 790 1979 831 de
2011 790 2163 831 eadem

438 859 693 901 habendum
725 873 826 901 eum
869 872 1016 901 coram
1058 858 1312 900 iusticiariis
1353 858 1550 912 proximo
1591 857 1866 900 itineraturis
1908 858 1963 900 ad
2003 858 2166 912 placita

441 929 600 971 foreste
623 928 669 968 in
693 928 906 970 comitatu
927 927 1150 981 predicto;
1185 930 1227 969 et
1249 941 1337 969 non
1362 927 1497 977 uenit,
1520 927 1617 969 ideo
1638 927 1823 981 predicti
1853 926 1985 981 plegii
2020 927 2088 968 sui
2119 926 2166 967 in

441 997 754 1039 misericordia.
816 996 1053 1050 Inquisicio
1075 996 1175 1038 inde
1208 997 1323 1038 facta
1356 997 1438 1037 fuit
1470 1010 1547 1050 per
1579 996 1831 1038 forestarios
1864 996 2092 1038 viridarios
2125 998 2167 1038 et

441 1068 628 1119 quatuor
663 1066 836 1108 villatas
870 1065 1032 1108 scilicet
1062 1065 1374 1119 pringham,
1407 1066 1578 1116 Estok,'
1602 1066 1802 1108 Wardele
1828 1067 1870 1108 et
1901 1066 2070 1116 Aston’,
2094 1065 2169 1119 qui

443 1135 594 1177 dicunt
626 1149 703 1188 per
736 1136 1063 1177 sacramentum
1097 1149 1226 1176 suum
1260 1135 1373 1188 quod
1409 1135 1566 1176 melius
1603 1137 1765 1188 putant
1798 1136 1959 1177 dictam
1991 1135 2169 1177 damam

444 1203 578 1245 fuisse
600 1203 821 1245 bersatam
843 1202 889 1244 in
912 1203 1144 1245 libertate2
1165 1217 1298 1256 qnam
1330 1203 1375 1243 in
1405 1205 1581 1254 foresta,
1613 1217 1692 1245 nec
1725 1204 1888 1257 aliquid
1920 1204 2039 1246 aliud
2069 1204 2171 1245 inde

442 1273 594 1326 postea
615 1271 758 1325 potuit
781 1271 954 1325 inquiri.
1016 1271 1077 1313 Et
1098 1274 1353 1325 preceptum
1377 1274 1441 1313 est
1464 1272 1706 1314 vicecomiti
1728 1273 1842 1326 quod
1866 1273 2015 1314 uenire
2040 1272 2171 1314 faciat

443 1342 689 1395 predictum
723 1341 999 1394 Stephanum
1037 1354 1183 1382 coram
1222 1341 1476 1383 iusticiariis
1511 1341 1563 1383 de
1597 1342 1665 1383 die
1701 1342 1746 1382 in
1784 1342 1912 1384 diem.
1974 1343 2034 1384 Et
2071 1341 2174 1395 quia

444 1411 635 1464 predicte
667 1410 814 1452 villate
847 1424 935 1452 non
968 1412 1188 1453 uenerunt
1225 1411 1421 1465 plenarie
1453 1411 1507 1452 ad
1545 1410 1878 1465 inquisicionem
1913 1411 2171 1460 faciendam,

445 1480 541 1522 ideo
564 1480 609 1521 in
632 1479 946 1522 misericordia.

537 1719 552 1741 ³
567 1719 877 1760 Presentatum
901 1720 966 1761 est
988 1732 1065 1773 per
1097 1719 1270 1761 eosdem
1298 1720 1340 1760 et
1372 1719 1625 1761 conuictum
1648 1722 1690 1761 et
1711 1732 1786 1773 per
1809 1718 2112 1772 regardatores
2134 1720 2177 1760 et

451 1787 678 1829 duodecim
702 1788 862 1830 milites
885 1791 926 1830 et
949 1789 1056 1830 alios
1078 1788 1235 1830 liberos
1258 1791 1300 1830 et
1323 1789 1482 1841 legales
1504 1788 1706 1830 homines
1730 1788 1957 1841 quodcum
1973 1787 2177 1828 dominus

451 1870 525 1898 rex
548 1856 736 1897 dedisset
759 1856 914 1898 Iacobo
938 1856 989 1898 de
1012 1857 1230 1898 Paunton’
1257 1857 1366 1898 duas
1381 1858 1394 1879 ⁴
1419 1857 1573 1898 damas
1595 1857 1640 1897 in
1664 1857 1825 1898 foresta
1846 1855 2041 1909 predicta
2063 1855 2178 1897 idem

452 1925 636 1966 Iacobus
668 1926 781 1979 cepit
814 1939 886 1967 sex
919 1926 1072 1967 damas
1104 1926 1217 1967 vnde
1249 1928 1437 1979 quatuor
1470 1928 1595 1967 erant
1634 1925 1727 1967 sinc
1761 1927 1978 1974 warento;
2024 1926 2066 1966 et
2102 1937 2179 1978 per

452 1995 695 2035 tumultum
718 2008 846 2047 quem
880 1995 980 2036 fecit
1012 1995 1255 2036 taborando
1287 1995 1333 2035 in
1366 1995 1541 2036 stabilia
1574 2008 1652 2036 sua
1684 1994 1882 2036 exierunt
1913 1995 2060 2048 plures
2092 1994 2181 2035 sere

454 2063 505 2104 de
529 2064 690 2105 foresta
722 2063 768 2104 in
800 2063 1079 2105 libertatem2
1113 2077 1196 2117 que
1230 2064 1289 2105 ibi
1327 2067 1451 2117 capte
1486 2066 1610 2105 erant
1646 2064 1700 2105 ad
1738 2064 1980 2117 dampnum
2014 2062 2181 2104 domini

455 2131 568 2184 regis
591 2133 633 2173 et
649 2131 964 2173 detrimentum
980 2132 1138 2174 foreste
1155 2146 1243 2173 sue.
1306 2133 1365 2173 Et
1388 2132 1609 2186 predictus
1626 2132 1811 2174 Iacobus
1829 2131 1948 2174 venit
1965 2146 1975 2181 3
1994 2134 2036 2173 et
2051 2144 2181 2185 super

455 2200 537 2241 hoc
560 2200 787 2242 conuictus
811 2200 1013 2243 detentus
1037 2203 1101 2243 est
1123 2201 1170 2242 in
1191 2201 1384 2254 prisona.

979 2478 1071 2513 ⁵De
1095 2478 1232 2521 prisis
1257 2479 1379 2514 Petri
1404 2480 1460 2514 de
1486 2480 1666 2516 Neuill'.

550 2565 858 2608 Presentatum
881 2566 947 2606 est
970 2567 1012 2607 et
1035 2566 1285 2608 conuictum
1317 2581 1393 2620 per
1416 2567 1645 2609 virid-arios
1676 2568 1977 2621 regar-datores
2008 2570 2050 2610 et
2082 2568 2185 2610 duo-

464 2635 604 2676 decim
626 2646 718 2676 tam
741 2634 903 2675 milites
926 2648 1057 2687 quam
1081 2635 1188 2677 alios
1211 2635 1368 2677 liberos
1392 2638 1434 2677 et
1460 2637 1619 2689 legales
1651 2637 1852 2678 homines
1884 2638 1998 2690 quod
2029 2651 2187 2691 parcus

464 2703 630 2745 domini
652 2703 765 2756 regis
788 2702 840 2744 de
860 2703 1156 2756 Ridelington’
1181 2706 1223 2746 et
1244 2704 1317 2745 alii
1341 2705 1548 2746 dominici
1569 2705 1688 2747 bosci
1711 2706 1779 2747 sui
1801 2705 2053 2748 deteriorati
2085 2708 2189 2748 sunt

464 2774 562 2825 post
585 2771 743 2812 ultima
765 2771 927 2824 placita
950 2772 1109 2814 foreste
1131 2786 1206 2826 per
1229 2773 1409 2814 Petrum
1432 2773 1484 2815 de
1506 2773 1661 2815 Neuill’
1684 2776 1726 2816 et
1754 2788 1831 2828 per
1864 2774 2114 2816 forestarios
2146 2777 2189 2816 et

464 2840 649 2882 balliuos
672 2842 714 2881 et
737 2839 984 2881 venditores
1007 2854 1108 2881 suos
1130 2855 1206 2894 per
1229 2842 1343 2883 dona
1366 2856 1446 2883 sua
1468 2844 1510 2884 et
1533 2856 1608 2896 per
1631 2843 1858 2896 capciones
1880 2843 2106 2885 maeremii
2134 2843 2190 2884 ad

467 2910 618 2950 domos
640 2908 778 2961 ipsius
801 2908 920 2949 Petri
943 2911 984 2950 et
1007 2923 1083 2962 per
1107 2911 1386 2952 uendiciones
1408 2925 1558 2952 eorum
1582 2914 1624 2953 et
1646 2925 1722 2965 per
1745 2911 1971 2965 capciones
2001 2925 2102 2953 suas
2135 2911 2191 2953 ad

466 2991 593 3030 rogos
615 2976 744 3018 calcis
768 2978 903 3018 factos
925 2977 970 3018 in
993 2978 1154 3019 foresta
1177 2979 1231 3020 ad
1254 2993 1362 3032 opus
1385 2979 1580 3021 eiusdem
1603 2980 1722 3022 Petri
1754 2984 1795 3022 et
1827 2981 1881 3022 ad
1912 2981 2039 3034 plura
2071 2982 2192 3021 astra

513 3080 519 3096 ¹
547 3079 587 3109 25
606 3078 687 3118 July
705 3079 800 3109 1256.
935 3080 946 3096 ²
972 3080 1033 3111 See
1051 3090 1082 3120 p.
1102 3081 1152 3116 15,
1170 3082 1249 3112 note
1267 3081 1297 3111 4.
1366 3080 1424 3112 the
1436 3081 1570 3112 warde—11
1583 3083 1616 3112 of
1632 3082 1783 3113 Rutland
1797 3083 1902 3113 forest
1915 3084 1949 3113 to
1960 3091 2062 3112 cause
2075 3082 2191 3111 James

512 3123 523 3139 ³
546 3122 623 3152 Roll
641 3125 670 3151 2.
1366 3126 1400 3155 of
1429 3126 1562 3156 l'anton
1587 3128 1621 3156 to
1650 3126 1736 3159 have
1763 3136 1826 3158 one
1857 3125 1954 3158 buck.
2003 3126 2065 3156 See
2093 3125 2192 3156 Close

516 3167 523 3182 ²
549 3168 601 3197 On
619 3165 676 3197 the
695 3167 736 3197 30
752 3165 832 3207 July
853 3167 936 3197 1263
958 3166 1015 3197 the
1040 3166 1120 3206 king·
1147 3166 1297 3199 directed
1367 3168 1444 3200 Roll
1461 3170 1513 3206 sl,
1531 3180 1576 3199 m.
1594 3171 1625 3200 5.
1944 3171 1954 3187 '³
1979 3169 2056 3200 Roll
2074 3170 2104 3199 3.
