2421 3529
509 253 601 298 112
970 264 1155 299 SELECT
1192 263 1380 299 FOREST
1415 264 1762 306 INQUISITIONS

593 377 861 432 1Inquisicio
897 378 1012 420 facta
1055 377 1172 432 apud
1207 377 1372 420 Vndele
1414 391 1561 419 coram
1602 377 1658 419 E.
1695 378 1746 419 (16
1787 378 1939 429 Bosco,
1983 378 2225 424 iusticiario

503 448 674 497 foreste,
728 447 828 489 die2
879 450 1131 489 sanctorum
1184 445 1372 488 Fabiani
1423 448 1465 488 et
1511 445 1760 488 Sebastiani
1801 460 1918 489 anno
1955 448 2106 490 eodem
2147 463 2225 503 per

502 515 753 558 forestarios
785 519 826 558 et
857 515 1087 558 viridarios
1125 515 1200 568 qui
1236 514 1386 556 dicunt
1422 528 1552 568 super
1584 517 1911 557 sacramentum
1945 530 2075 558 suum
2109 517 2225 571 quod

501 584 627 627 Wido
651 618 659 626 .
694 617 703 626 .
739 616 748 626 .
778 584 847 627 die
869 584 1026 626 Martis
1047 583 1243 638 proxima
1265 585 1363 636 post
1385 584 1547 625 festum
1570 583 1712 624 sancti
1734 584 1899 626 Thome
1920 585 2117 627 Martiris
2141 617 2151 627 .
2177 617 2186 627 .
2212 618 2222 627 .

501 655 544 695 et
580 653 662 695 iuit
685 654 801 707 apud
823 653 1030 695 Lilleford
1052 653 1105 694 ad
1142 651 1379 706 prandium
1402 665 1531 693 suum
1569 653 1611 693 et
1634 651 1694 693 sic
1725 651 1809 694 iuit
1842 684 1851 694 .
1887 684 1895 694 .
1930 685 1939 694 .
1972 653 2222 696 brokettum

502 722 621 764 dami
654 723 902 765 trahentem
937 736 1073 765 vnum
1107 722 1256 775 pelum
1289 735 1376 763 vna
1418 721 1548 763 corda
1582 721 1828 764 attachiata
1864 722 1920 764 ad
1955 723 2086 777 pedes
2121 755 2131 765 .
2166 755 2176 766 .
2212 755 2222 765 .

502 791 613 845 fugit
636 805 789 834 uersus
810 792 990 833 boscum
1013 794 1055 833 et
1076 791 1122 832 in
1144 791 1273 833 bosco
1309 789 1584 832 athachiauit
1618 803 1663 832 se
1697 790 1811 832 inter
1848 791 1934 833 duo
1967 791 2087 845 ligna
2120 823 2130 833 .
2166 824 2177 833 .
2212 824 2222 834 .

501 863 655 914 captus
706 862 813 903 erat.
875 860 936 903 Et
987 860 1129 903 dictus
1170 860 1297 902 Wido
1339 858 1447 901 abiit
1490 858 1545 900 ad
1586 859 1823 913 prandium
1866 874 1996 901 suum
2038 863 2080 902 et
2122 861 2224 903 fecit

501 930 720 982 Rogerum
749 930 800 972 de
834 929 1112 972 Pontefracto
1145 932 1251 971 tunc
1288 927 1536 981 garcionem
1559 941 1704 978 suum,
1727 927 1889 970 ibidem
1912 931 2136 983 expectare
2168 930 2223 971 ad

500 998 801 1041 insidiandum
843 998 880 1040 si
921 997 1018 1052 quis
1051 997 1188 1040 voluit
1222 998 1360 1039 feram
1394 997 1516 1038 illam
1554 999 1795 1051 asportare.
1856 997 1918 1040 Et
1952 997 2038 1040 cito
2071 1000 2222 1052 postea

502 1069 718 1110 venerunt
754 1067 990 1109 Nicholaus
1025 1069 1067 1109 et
1104 1066 1271 1117 Simon,
1306 1065 1414 1108 filii-⁹>
1451 1065 1595 1108 Swain
1631 1065 1683 1108 de
1714 1066 1954 1120 Lyueden⁷,
1989 1069 2032 1109 et
2071 1067 2223 1110 Simon

501 1137 792 1179 wodewardus
844 1136 1010 1178 domini
1066 1135 1269 1178 Mauricii
1320 1134 1566 1188 Daundely,
1610 1136 1652 1177 et
1700 1137 2041 1188 asportauerunt
2083 1136 2221 1178 feram

500 1206 636 1248 illam.
698 1206 760 1248 Et
782 1205 923 1247 dictus
943 1205 1140 1258 Rogerus
1161 1204 1291 1258 peciit
1314 1204 1368 1246 ab
1391 1203 1554 1246 eisdem
1586 1205 1758 1257 partem
1780 1203 1881 1246 inde
1903 1204 2093 1258 aliquem
2112 1220 2121 1254 ;
2157 1207 2222 1247 set

501 1274 636 1316 nichil
672 1273 712 1317 ei
746 1274 974 1316 dederunt.
1036 1273 1097 1315 Et
1119 1272 1299 1315 venacio
1333 1272 1530 1326 predicta
1567 1274 1793 1326 asportata
1830 1273 1913 1316 fuit
1950 1273 2005 1316 ad
2042 1273 2222 1315 domum

498 1343 609 1386 Bate
631 1343 683 1385 de
705 1343 917 1385 Pilketon'
941 1347 983 1384 et
1005 1341 1166 1384 ibidem
1188 1342 1456 1384 manducata
1477 1343 1555 1383 est.

588 1413 701 1454 Item
738 1412 891 1454 dicunt
924 1411 1039 1465 quod
1077 1411 1173 1453 <lie4
1196 1410 1322 1452 Lune
1356 1409 1403 1451 in
1437 1409 1630 1452 crastino
1653 1410 1794 1452 sancti
1827 1410 2000 1453 Andree
2036 1412 2223 1466 apostoli

500 1495 616 1523 anno
647 1481 841 1535 predicto
872 1480 991 1523 venit
1023 1479 1228 1522 dominus
1248 1480 1307 1521 H.
1330 1479 1382 1521 de
1414 1478 1662 1532 Goldingh’‚
1688 1480 1950 1522 senescallus
1974 1480 2145 1531 foreste,
2170 1481 2222 1523 de

502 1563 656 1591 uersus
694 1549 1021 1592 swanimottum
1058 1548 1110 1590 de
1148 1548 1283 1602 Clyue
1317 1547 1538 1590 transiens
1575 1561 1651 1601 per
1684 1547 1876 1590 mediam
1918 1549 2127 1591 forestam
2168 1549 2220 1591 (16

502 1620 637 1674 Clyue
659 1619 705 1660 in
727 1619 890 1661 balliua
912 1619 964 1660 de
985 1618 1182 1672 Morhey.
1243 1617 1304 1659 Et
1330 1618 1435 1659 tunc
1474 1616 1618 1658 subito
1650 1630 1700 1658 ex
1730 1616 1955 1670 inprouiso
1975 1617 2219 1660 insurrexe-

498 1690 603 1730 runt
626 1688 664 1730 ei
686 1690 728 1730 et
749 1687 1001 1730 hominibus
1034 1687 1124 1729 suis
1156 1700 1256 1728 cum
1289 1685 1476 1728 arcubus
1509 1686 1551 1727 et
1588 1684 1760 1738 sagittis
1797 1686 1928 1739 Hugo
1961 1685 2220 1737 Monachus,

497 1771 683 1811 persona
706 1757 757 1800 de
779 1756 1051 1810 Thirningg',
1075 1755 1303 1810 Philippus
1328 1754 1494 1798 Scissor
1517 1754 1591 1808 qui
1613 1756 1718 1796 tunc
1748 1754 1830 1796 fuit
1853 1769 1952 1796 cum
1974 1755 2220 1809 Berengero

499 1827 538 1869 le
560 1827 732 1881 Moyne,
757 1826 981 1869 Galfriclus
1004 1826 1056 1867 de
1076 1825 1323 1879 Wadynho,
1346 1824 1590 1866 Willelmus
1612 1822 1728 1865 filius
1754 1837 1937 1878 persone
1969 1824 2021 1866 de
2053 1825 2219 1866 Thorn-

500 1896 636 1945 hawe,
679 1896 892 1937 Ricardus
927 1895 1081 1949 Scroty
1114 1895 1164 1936 de
1197 1894 1412 1948 thhorp,
1456 1893 1676 1934 Iohannes
1721 1893 1890 1947 Scroty,
1935 1894 2070 1936 frater
2111 1893 2219 1945 eius,

503 1965 727 2007 Galfridus
750 1964 876 2006 Duke
909 1964 960 2006 de
993 1964 1206 2017 thhorp,
1239 1962 1457 2004 Robertus
1489 1962 1617 2003 Iouce
1649 1961 1701 2003 de
1732 1962 1972 2015 Lyueden’,
2007 1994 2016 2004 .
2052 1994 2062 2004 .
2097 1964 2136 2004 .5
2168 1963 2219 2004 (16

501 2035 648 2088 Burgo
685 2037 727 2076 et
761 2035 872 2076 Bate
909 2034 961 2075 (16
997 2033 1221 2087 Lyueden’
1246 2032 1321 2087 qui
1343 2045 1494 2074 omnes
1518 2034 1622 2073 sunt
1645 2032 1947 2074 malefactores
1979 2032 2026 2074 in
2058 2033 2220 2075 foresta

505 2103 671 2145 domini
691 2103 805 2157 regis
829 2103 879 2145 de
901 2102 1138 2144 venacione
1161 2115 1254 2144 sua.

588 2172 753 2213 Dicunt
789 2172 927 2213 eciam
961 2172 1075 2225 quod
1111 2170 1331 2213 Hem-icus
1369 2183 1504 2223 nepos
1538 2169 1692 2212 decani
1725 2169 1777 2212 de
1813 2170 1980 2220 Vndel’,
2002 2170 2219 2213 Robertus

499 2255 684 2295 persona
707 2241 758 2283 de
780 2241 999 2290 Polebroc,
1017 2240 1260 2283 Willelmus
1283 2239 1335 2281 de
1357 2239 1506 2292 Burg’‚
1530 2253 1717 2293 persona
1735 2239 1786 2281 de
1808 2239 2009 2289 Bernek’,
2031 2254 2219 2293 persona

498 2310 550 2351 de
573 2310 743 2360 lakesl',
767 2309 890 2351 Elias
922 2323 1109 2363 persona
1141 2309 1192 2351 de
1230 2308 1501 2350 Thornhawe
1538 2309 1641 2350 sunt
1675 2310 1965 2362 receptatores
2003 2308 2218 2351 dictorum

497 2379 844 2420 malefactorum.

585 2448 599 2471 ‘³
615 2448 727 2489 Item
744 2447 893 2489 dicunt
912 2446 1025 2501 quod
1048 2446 1263 2488 Radulfus
1286 2445 1529 2499 Iuilhering
1544 2446 1595 2488 de
1616 2445 1782 2487 Lufwic
1805 2448 1847 2487 et
1860 2445 2081 2489 Walterus
2102 2445 2218 2488 filius

497 2516 677 2557 Roberti
708 2516 962 2570 Percheuyd
997 2518 1100 2557 sunt
1135 2515 1438 2557 malefactores
1476 2514 1528 2557 de
1550 2514 1786 2556 venacione
1820 2514 1986 2557 domini
2021 2513 2134 2568 regis
2171 2515 2217 2556 in

497 2584 661 2627 balliua
683 2585 733 2627 (16
756 2584 1033 2639 Rokingham
1056 2586 1099 2627 et
1121 2583 1225 2627 alibi
1248 2597 1348 2626 cum
1371 2583 1558 2626 arcubus
1581 2585 1623 2626 et
1646 2583 1834 2637 sagittis.

585 2800 722 2855 Plegii
747 2800 936 2844 Simonis
960 2800 1011 2842 de
1033 2800 1135 2842 Acle
1155 2814 1234 2855 pro
1256 2802 1422 2843 essarto
1439 2800 1527 2841 :—⁷

588 2871 724 2924 Plegii
745 2870 939 2913 eiusdem
964 2869 1154 2914 Simonis
1176 2883 1254 2924 pro
1276 2870 1438 2911 fossato
1460 2869 1512 2911 de
1533 2882 1649 2911 nouo
1671 2868 1785 2911 facto
1803 2869 1886 2910 ε-8

540 2983 548 3000 ¹
577 2982 638 3013 See
655 2991 686 3022 p.
705 2982 746 3013 36
763 2981 880 3012 above.
1437 2982 1450 2998 ⁵
1473 2980 1502 3011 A
1517 2978 1609 3011 word
1625 2989 1670 3011 no
1685 2978 1804 3019 longer
1822 2978 1944 3019 legible
1957 2977 2021 3010 has
2039 2977 2123 3010 been
2137 2987 2214 3010 can-

539 3027 551 3044 2
576 3025 743 3065 Tuesday,
763 3026 804 3056 20
821 3025 975 3064 January
994 3024 1090 3066 1253.
1394 3023 1503 3055 celled
1520 3023 1611 3055 here.

540 3071 551 3087 ³
576 3070 617 3100 In
630 3069 688 3100 the
700 3079 776 3109 eyre
792 3068 856 3099 roll
869 3079 932 3099 one
950 3078 1013 3100 son
1028 3068 1057 3100 is
1071 3067 1181 3100 called
1194 3066 1325 3100 Walter
1439 3069 1450 3084 ⁵
1476 3068 1538 3098 See
1555 3077 1587 3107 p.
1606 3067 1648 3098 36
1665 3066 1783 3098 above.

497 3113 564 3145 and
582 3113 642 3144 the
660 3112 757 3144 other
775 3112 950 3143 Nicholas.
1437 3112 1447 3127 ⁷
1474 3111 1533 3142 six
1550 3121 1588 3143 or
1604 3120 1697 3142 more
1715 3120 1845 3147 names,
1864 3119 1958 3140 some
1975 3109 2010 3140 of
2026 3107 2122 3139 them
2140 3107 2213 3140 ille-

541 3158 551 3174 4
577 3159 593 3187 1
611 3156 797 3189 December
815 3157 910 3187 1253.
1392 3154 1491 3194 gible.
1848 3156 1859 3172 ⁸
1884 3153 1943 3186 Six
1960 3162 2090 3184 names.
