2421 3529
229 611 347 637 custod'.
359 617 431 637 cras.

230 679 267 703 mi
274 678 342 702 seri-

230 712 338 736 cordia.

234 795 260 819 in
278 801 365 818 manu

234 835 290 857 regi
297 836 316 852 s.

232 892 381 923 iuterrog'.

238 1314 266 1344 iij
284 1322 303 1338 s.

239 2141 269 2171 iij
285 2148 386 2166 marce.

241 2352 347 2375 miseri-

235 2386 343 2410 cordia.

457 209 482 252 2
712 218 1021 252 sEI.I·]CTIoNs
1056 217 1196 251 FROM
1234 217 1336 250 THE
1373 216 1563 251 FOREST
1600 216 1736 250 EYRE
1773 217 1932 251 ROLLS

458 345 557 372 cum
588 331 770 373 canibus
803 334 990 384 quatuor
1022 330 1178 372 bissas.
1240 330 1302 372 Et
1334 329 1527 371 traditus
1560 329 1644 370 fuit
1675 329 1721 370 in
1754 330 1954 372 custodia
1984 328 2188 383 magistri

461 401 665 443 Gaufridi
702 401 930 443 Gilbewin’
955 403 1005 442 ut
1042 399 1271 441 senescalli
1308 399 1481 441 abbatis
1517 399 1568 440 de
1601 399 1765 452 Burgo.
1828 399 1889 441 Et
1921 414 2010 441 non
2031 399 2191 440 habuit

460 470 586 510 illum
619 483 766 511 coram
798 468 1067 510 iusticiariis.
1130 468 1350 509 Iudicium
1381 467 1618 509 comitatus
1651 468 1766 520 quod
1797 467 1913 509 idem
1945 468 2188 511 Gaufridus

464 538 690 581 Gilbewin’
711 538 769 579 sit
791 538 837 578 in
859 537 1160 579 misericordia
1183 537 1285 590 quia
1307 550 1395 578 non
1417 536 1574 578 habuit
1596 536 1842 589 predictum
1865 537 2086 590 Rogerum
2106 551 2116 586 ;
2150 538 2192 577 et

464 609 691 648 remaneat
715 607 759 647 in
783 607 988 660 prisona;
1024 608 1066 648 et
1089 606 1300 647 liberatur
1323 605 1568 646 vicecomiti
1591 605 1917 647 custodiendus.

557 675 706 717 Simon
748 676 875 717 Yicor
919 675 970 716 de
1013 675 1303 716 Norhamton’
1348 674 1393 714 in
1436 674 1737 715 misericordia
1779 688 1858 728 pro
1900 674 2192 727 stultiloquio.

468 746 601 787 Terra
624 745 743 786 Petri
767 746 906 786 Tanet
924 744 1087 786 scilicet
1111 758 1183 785 sex
1206 757 1316 793 acre,
1335 757 1443 797 quas
1465 743 1621 784 habuit
1645 743 1697 784 de
1719 744 1943 797 capellano
1962 744 2013 785 de
2031 743 2191 785 Vfford'

468 814 677 856 saisiatur
699 814 744 855 in
768 828 906 855 manu
928 813 1056 866 regis.

557 883 679 924 Idem
714 884 870 924 Petrus
903 886 945 924 et
982 881 1198 924 Ricardus
1236 881 1472 924 Gerewold’
1511 880 1813 935 interrogandi
1850 884 1968 931 sunt,
2005 880 2079 935 qui
2114 880 2196 922 visi

470 955 648 995 fuerunt
670 953 715 993 in
740 954 901 994 foresta
924 966 1024 993 cum
1057 952 1246 993 arcubus
1269 955 1311 993 et
1344 951 1517 1004 sagittis
1540 950 1586 991 in
1610 951 1751 992 bersa.
1815 952 1912 992 Non
1944 951 2196 992 habuerunt

470 1023 641 1064 catalla.
704 1023 764 1063 Et
801 1024 1057 1075 preceptum
1096 1023 1161 1062 est
1198 1020 1444 1062 vicecomiti
1479 1020 1592 1073 quod
1630 1020 1725 1061 illos
1768 1020 1911 1074 exigat
1955 1019 2196 1061 secundum

470 1092 655 1133 assisam
678 1091 724 1132 in
747 1091 986 1140 comitatu;
1021 1092 1063 1131 et
1087 1089 1123 1131 si
1145 1104 1233 1131 non
1258 1089 1461 1131 uenerint
1483 1089 1769 1148 vtlagantur.¹

558 1161 777 1202 Robertus
801 1160 851 1201 de
874 1159 1036 1201 Vfford'
1061 1159 1244 1201 clericus
1276 1161 1318 1200 et
1350 1159 1501 1200 villata
1533 1159 1779 1200 comuniter
1794 1161 1808 1183 2
1829 1158 1876 1199 in
1898 1157 2198 1200 misericordia

470 1244 548 1284 pro
572 1231 675 1283 fuga
698 1229 994 1283 predictorum
1018 1228 1138 1270 Petri
1161 1231 1203 1269 et
1225 1227 1417 1270 Ricardi.

559 1300 624 1341 De
666 1299 818 1340 villata
852 1299 904 1340 de
945 1298 1174 1351 witering’
1213 1301 1302 1339 tres
1345 1297 1471 1339 solidi
1513 1297 1615 1351 quia
1658 1311 1746 1339 non
1789 1298 2041 1339 habuerunt
2084 1297 2199 1351 quod

470 1369 791 1423 plegiauerunt.

562 1438 740 1481 Samuel
761 1437 878 1478 filius
900 1437 1047 1478 Iacobi
1071 1437 1121 1478 de
1145 1437 1377 1478 Norhamt’
1402 1436 1604 1478 inueniat
1629 1437 1794 1490 plegios
1816 1436 2009 1478 habendi
2031 1450 2197 1478 waran-

472 1511 568 1549 tum
585 1521 714 1548 suum
738 1508 789 1548 de
808 1521 892 1548 vno
917 1507 1045 1548 (lamo
1069 1520 1197 1560 quem
1220 1506 1376 1548 habuit
1399 1506 1516 1560 apud
1539 1506 1728 1547 Bernak'
1753 1506 1821 1547 die
1843 1506 2023 1547 Veneris
2039 1508 2053 1530 ³
2074 1520 2197 1559 prox-

470 1578 559 1620 ima
577 1580 679 1619 ante
694 1577 885 1619 mediam
904 1576 1303 1630 quadragesimam.
1347 1576 1523 1630 Plegius
1542 1576 1635 1617 eius
1656 1577 1835 1619 Samuel
1856 1576 1973 1617 filius
1997 1575 2198 1617 Deodati.

558 1647 802 1690 Willelmus
840 1646 957 1688 filius
999 1646 1190 1688 Simonis
1225 1646 1277 1687 de
1314 1646 1497 1688 Barton’
1537 1646 1749 1687 liberatur
1791 1646 1838 1687 in
1879 1646 2060 1699 prisona
2097 1646 2199 1699 quia

469 1717 697 1758 conuictus
721 1716 804 1757 fuit
828 1716 942 1769 quod
965 1716 1075 1758 falso
1097 1717 1140 1756 et
1163 1729 1239 1768 per
1263 1715 1413 1756 odium
1436 1715 1647 1769 imposuit
1671 1729 1801 1769 super
1837 1715 2115 1769 Stephanum
2148 1715 2200 1756 de

469 1787 584 1827 Pinu
618 1786 824 1827 clericum
864 1786 978 1838 quod
1001 1785 1047 1825 in
1071 1785 1200 1826 domo
1224 1799 1304 1826 sua
1339 1785 1551 1826 debuerat
1586 1784 1874 1826 commedisse
1909 1785 2018 1826 duos
2051 1785 2199 1826 feones

468 1856 582 1897 vnde
604 1854 885 1908 respondebit
909 1854 961 1895 de
984 1854 1154 1896 catallis
1178 1854 1269 1895 suis
1292 1854 1410 1907 apud
1433 1854 1638 1895 Bernek'.

558 1924 776 1966 Robertus
800 1924 867 1965 del
891 1924 974 1965 Toc
997 1922 1044 1964 in
1067 1923 1366 1964 misericordia
1398 1923 1500 1976 quia
1532 1937 1621 1964 non
1656 1923 1813 1965 habuit
1848 1923 2006 1977 viginti
2039 1923 2200 1964 solidos

471 1994 522 2035 de
544 1994 690 2047 precio
712 1993 848 2034 trium
872 2006 1099 2046 equorum,
1119 1993 1235 2046 quod
1257 1992 1481 2046 plegiauit,
1502 1992 1575 2046 qui
1598 1993 1777 2034 fuerunt
1796 1993 1999 2034 Gaufridi
2016 2006 2200 2046 persone

471 2063 522 2104 de
547 2063 815 2116 Quappelad’
839 2078 847 2111 ;
883 2065 924 2103 et
947 2062 1231 2115 respondebit
1255 2061 1305 2103 de
1328 2062 1536 2115 predictis
1557 2061 1716 2115 viginti
1738 2062 1922 2103 solidis.⁴

558 2133 779 2173 Robertus
802 2132 854 2172 de
877 2131 1034 2172 Neuill’
1059 2131 1241 2172 clericus
1263 2131 1545 2185 respondebit
1579 2131 1630 2172 de
1652 2131 1797 2184 precio
1820 2131 1957 2172 trium
1989 2144 2200 2183 equorum

472 2201 592 2243 Petri
624 2201 675 2242 de
705 2201 831 2243 Paris
863 2200 1021 2250 clerici,
1046 2200 1225 2251 scilicet,
1251 2200 1303 2242 de
1325 2200 1468 2242 tribus
1501 2200 1662 2242 marcis
1694 2214 1773 2255 pro
1805 2213 1909 2242 arcu
1940 2200 2124 2241 inuento
2155 2199 2201 2240 in

473 2270 678 2312 societate
701 2270 840 2323 ipsius
863 2269 996 2311 Petri.

560 2339 702 2380 Adam
725 2339 777 2380 de
795 2339 971 2380 Crumle
994 2338 1038 2379 in
1062 2338 1364 2380 misericordia
1380 2339 1483 2392 quia
1505 2352 1595 2380 non
1617 2339 1775 2380 habuit
1797 2338 2038 2380 Radulfum
2061 2337 2201 2378 filium

477 2408 668 2451 Simonis
712 2409 763 2450 de
806 2409 932 2450 Noua
974 2409 1130 2450 Landa
1168 2408 1214 2449 in
1256 2409 1593 2451 lVirecestresir’
1638 2422 1781 2450 coram
1826 2406 2092 2455 iusticiariis‚
2129 2406 2203 2459 qui

473 2478 576 2519 tulit
618 2492 770 2519 arcum
813 2491 913 2518 cum
956 2478 1087 2519 corda
1134 2481 1176 2519 et
1220 2492 1306 2519 vna
1352 2478 1514 2531 sagitta
1558 2477 1743 2519 barbata
1790 2479 1832 2518 et
1876 2490 1962 2517 vna
2003 2476 2200 2516 bulsone.

474 2548 535 2588 Et
564 2548 725 2588 habeat
752 2561 852 2588 eum
889 2548 942 2588 ad
981 2548 1068 2588 alia
1099 2547 1277 2601 placita.
1341 2548 1498 2589 Postea
1540 2547 1674 2589 finem
1707 2546 1809 2588 fecit
1843 2560 1921 2600 pro
1954 2544 2203 2599 quietancia

475 2614 665 2667 pleuine.

565 2683 781 2724 Radulfus
808 2683 925 2724 filius
963 2683 1165 2736 Hugonis
1199 2684 1249 2725 de
1283 2683 1553 2725 Chaucumb'
1587 2685 1629 2724 et
1661 2683 1793 2736 Hugo
1826 2682 1878 2723 de
1909 2680 2132 2723 Bereford’
2157 2680 2202 2721 in

476 2752 774 2794 misericordia
812 2752 913 2805 quia
949 2766 1038 2794 non
1071 2753 1323 2794 habuerunt
1366 2753 1612 2795 Walterum
1655 2752 1706 2793 de
1752 2750 2036 2804 Ringesdun’,
2073 2763 2202 2803 quem

520 2894 527 2911 ¹
556 2893 796 2931 ‘thagentur’
816 2892 844 2923 is
862 2891 1033 2922 intended.
1374 2894 1469 2929 1844,
1487 2896 1522 2923 at
1539 2903 1569 2932 p.
1589 2893 1662 2923 184.

521 2939 533 2955 ²
557 2937 631 2967 The
643 2940 717 2967 true
728 2936 870 2975 reading
887 2937 922 2966 of
940 2936 1010 2966 this
1028 2935 1118 2966 word
1136 2936 1164 2966 is
1182 2935 1302 2967 doubt·
1417 2938 1428 2954 ³
1453 2937 1472 2967 6
1490 2936 1610 2967 March
1629 2935 1719 2977 1203.

476 2981 537 3011 ful.
585 2981 616 3011 It
633 2981 662 3010 is
674 2980 819 3019 entirely
832 2980 975 3011 omitted
988 2981 1023 3010 in
1037 2979 1096 3010 the
1107 2980 1304 3019 transcript.
1420 2982 1431 2998 ⁴
1457 2980 1646 3020 Geoffrey's
1662 2979 1781 3011 horses
1798 2978 1869 3010 had
1885 2978 1970 3009 been
1988 2977 2147 3009 forfeited
2169 2979 2203 3008 to

477 3024 549 3055 The
567 3025 657 3055 word
675 3024 906 3054 ‘comuniter'
933 3024 961 3054 is
987 3023 1154 3063 similarly
1172 3023 1255 3054 used
1271 3024 1308 3054 in
1377 3023 1436 3055 the
1460 3024 1542 3063 king
1566 3023 1633 3055 and
1658 3023 1742 3054 sold.
1790 3022 1862 3053 The
1885 3021 2055 3061 purchase
2080 3031 2204 3060 money

479 3069 546 3099 Ήιρ
566 3069 669 3099 Great
687 3068 766 3098 Roll
782 3068 819 3107 of
834 3068 886 3098 the
904 3068 989 3107 Pipa
1002 3069 1039 3108 of
1053 3069 1068 3097 1
1086 3068 1159 3098 Ric.
1178 3068 1207 3098 I.
1224 3068 1307 3107 pub·
1377 3078 1445 3098 was
1462 3068 1545 3098 then
1562 3067 1700 3098 handed
1717 3077 1796 3098 over
1812 3070 1847 3097 to
1864 3066 1991 3098 Robert
2012 3065 2065 3097 del
2083 3065 2151 3096 Toc
2168 3067 2203 3096 to

476 3112 587 3143 lished
627 3112 669 3153 by
702 3111 759 3143 the
791 3111 921 3143 Record
954 3111 1240 3143 Commissioners
1272 3112 1307 3142 in
1378 3112 1417 3143 be
1435 3111 1606 3152 produced
1624 3115 1658 3143 at
1676 3110 1735 3142 the
1753 3113 1834 3142 next
1851 3120 1938 3152 eyre.
