2421 3529
482 277 541 322 99
950 292 1137 327 sELEcT
1173 292 1364 327 FOREST
1399 291 1755 333 1NQU1s1T10Ns

483 399 529 440 in
562 413 611 442 eo
644 399 936 456 discopulauit
968 405 1077 446 duos
1119 404 1369 446 brachettos
1402 404 1453 445 de
1485 405 1605 445 mota
1648 416 1753 452 sua3
1793 403 1835 444 et
1868 401 2040 444 inuenit
2071 416 2208 445 vnum

485 483 679 519 ceruum,
696 470 770 523 qui
785 471 941 514 timore
957 487 1115 515 canum
1133 473 1268 515 exiuit
1282 473 1334 514 de
1348 473 1477 514 bosco
1492 486 1646 514 uersus
1662 473 1884 520 forestam,
1897 473 1938 513 et
1954 474 2108 525 captus
2127 472 2210 513 fuit

486 551 587 579 cum
608 538 835 592 leporariis
858 540 961 583 dicti
983 541 1156 583 comitis
1179 542 1225 582 in
1248 555 1402 595 campo
1425 541 1475 582 de
1499 540 1761 593 Deresburg'
1786 554 1920 593 supra
1943 541 2178 582 Rotewell'.

576 607 692 649 Dicit
715 608 851 649 eciam
871 611 984 663 quod
1006 610 1197 663 predicte
1216 609 1411 664 capcioni
1428 608 1630 650 interfuit
1652 608 1872 649 Henricus
1888 608 1940 649 de
1957 609 2210 662 Hastynges

488 688 587 716 cum
610 678 706 718 octo
727 677 953 730 leporariis
976 679 1066 721 suis
1090 679 1163 732 qui
1186 679 1489 719 cucurrerunt.

576 743 693 786 Dicit
745 745 883 788 eciam
935 748 1050 800 quod
1101 747 1318 789 Robertus
1369 746 1421 787 de
1473 746 1619 787 Mares
1671 744 1872 786 interfuit
1925 758 2025 786 cum
2068 744 2209 787 tribus

487 813 713 866 leporariis
736 815 826 857 suis
849 815 922 869 qui
944 819 1245 858 cucurrerunt.

577 882 694 924 Dicit
731 883 868 925 eciam
904 886 1017 938 quod
1055 886 1260 927 dominus
1296 884 1514 926 Robertus
1545 884 1702 926 Basset
1724 882 1925 925 interfuit
1948 896 2047 924 cum
2070 882 2210 924 tribus

489 949 715 1003 leporariis
739 952 828 994 suis
852 953 924 1006 qui
946 968 1034 995 non
1057 955 1359 995 cucurrerunt.

578 1018 694 1061 Dicit
727 1020 865 1063 eciam
903 1023 1017 1075 quod
1054 1022 1258 1064 dominus
1300 1022 1353 1063 R,
1397 1021 1448 1063 de
1485 1022 1636 1075 Longo
1674 1033 1828 1074 campo
1870 1019 2070 1062 interfuit]
2111 1032 2210 1061 cum

488 1084 666 1130 domino
694 1090 865 1131 comite.

576 1157 694 1198 Dicit
716 1158 853 1200 eciam
877 1159 990 1212 quod
1013 1160 1234 1202 Iohannes
1256 1160 1402 1201 Luuet
1424 1159 1476 1200 de
1498 1158 1683 1209 Riston’,
1707 1157 1956 1207 viridarius‚
1980 1156 2194 1199 interfuit.

576 1225 692 1267 Dicit
715 1226 852 1268 eciam
885 1228 997 1280 quod
1031 1228 1181 1270 villata
1212 1229 1264 1269 de
1295 1229 1469 1270 Rowell’
1503 1227 1696 1281 plenarie
1727 1227 1828 1269 fecit
1861 1226 2064 1269 stabliam
2096 1226 2209 1267 circa

488 1293 666 1335 boscum
685 1295 735 1336 de
753 1295 927 1337 Rowell'
951 1297 1125 1349 quando
1147 1310 1302 1338 ceruus
1325 1296 1473 1337 exiuit.

574 1363 762 1414 Riston'‚
804 1364 964 1415 iurata,
1007 1365 1053 1405 in
1096 1365 1300 1407 omnibus
1344 1364 1577 1407 concordat
1620 1378 1720 1405 cum
1763 1364 2023 1417 Deresburg'
2066 1362 2209 1416 primo

486 1432 646 1474 iurata.

576 1501 800 1552 Clendon’,
820 1501 978 1553 iurata,
1001 1502 1047 1543 in
1066 1502 1270 1543 omnibus
1286 1502 1519 1544 concordat
1537 1515 1636 1543 curn
1655 1501 1817 1544 villatis
1831 1501 2052 1555 predictis,
2068 1500 2211 1555 primo

485 1569 655 1611 iuratis.

574 1639 765 1690 Rowell’,
790 1639 920 1693 Torp,
944 1640 1157 1682 Neubotle
1180 1640 1449 1683 summonite
1472 1640 1653 1682 fuerunt
1677 1642 1719 1682 et
1742 1654 1832 1682 non
1854 1641 2085 1683 venerunt.

574 1707 782 1750 Viridarii
804 1708 957 1750 dicunt
989 1709 1103 1762 quod
1134 1709 1338 1763 leporarii
1362 1709 1527 1751 domini
1542 1709 1722 1751 Roberti
1744 1710 1898 1751 Basset
1922 1711 2210 1750 cucurrerunt

487 1777 542 1818 ad
564 1790 743 1819 ceruum
766 1780 808 1820 et
830 1778 944 1833 quod
967 1778 1083 1820 idem
1105 1779 1321 1821 Robertus
1344 1778 1499 1821 habuit
1522 1792 1657 1821 vnum
1679 1779 1796 1820 latus
1817 1777 2001 1833 predicti
2018 1776 2149 1818 cerui.

576 2151 586 2176 1
606 2152 773 2195 Accidit
797 2150 864 2193 die
884 2158 897 2180 2
920 2149 1127 2192 Mercurii
1148 2149 1346 2205 proxima
1368 2152 1466 2203 post
1489 2150 1651 2192 festum
1675 2148 1817 2191 sancti
1840 2148 2067 2191 Michaelis
2090 2162 2207 2191 anno

487 2222 638 2265 eodem
661 2222 775 2276 quod
797 2220 981 2263 Iacobus
1004 2220 1055 2260 de
1079 2219 1375 2272 'l'hurleberg',
1398 2220 1589 2261 Thomas
1612 2219 1663 2260 de
1686 2219 1833 2273 Ispan’
1857 2221 1899 2260 et
1917 2219 2133 2260 Robertus
2157 2219 2208 2259 de

486 2292 614 2343 Wik’,
638 2292 866 2333 venatores
889 2288 1054 2330 domini
1076 2288 1129 2330 G.
1153 2288 1205 2329 de
1226 2287 1421 2341 LangeI’,
1440 2287 1669 2330 iusticiarii
1682 2288 1852 2338 foreste,
1871 2290 1913 2329 et
1930 2287 2004 2329 alii
2026 2301 2125 2329 cum
2148 2287 2210 2329 eis

487 2362 768 2403 intrauerunt
796 2358 976 2399 boscum
1014 2356 1066 2398 de
1099 2356 1228 2398 firma
1261 2356 1313 2397 de
1344 2356 1560 2398 Brixstok'
1593 2358 1692 2410 post
1732 2356 1969 2410 prandium
2000 2356 2063 2398 ita
2095 2356 2209 2410 quod

488 2428 781 2472 obuiauerunt
825 2425 1088 2479 quibusdam
1132 2424 1489 2467 malefactoribus
1526 2424 1572 2465 in
1615 2425 1777 2466 foresta
1811 2439 1911 2466 cum
1946 2425 2134 2467 arcubus
2166 2426 2208 2466 et

487 2497 673 2551 sagittis,
696 2510 772 2549 per
794 2494 1123 2537 estimacionem
1146 2493 1387 2543 duodecim,
1411 2493 1486 2547 qui
1508 2493 1726 2535 duxerunt
1757 2496 1845 2535 tres
1878 2507 2007 2535 canes
2029 2493 2074 2535 in
2096 2493 2210 2535 lieno

489 2580 676 2622 quorum
712 2578 824 2607 vnus
859 2563 941 2604 fuit
983 2562 1106 2616 niger
1139 2565 1181 2605 et
1213 2563 1322 2604 alter
1364 2562 1503 2603 ruffus
1538 2576 1639 2603 cum
1675 2562 1856 2604 auribus
1894 2562 2130 2604 stantinis³
2166 2564 2209 2603 et

489 2635 650 2678 tercius
697 2633 961 2676 tetchelatus
1003 2630 1201 2673 albedine
1243 2632 1285 2672 et
1321 2630 1560 2684 nigredine.
1637 2631 1876 2672 Venatores
1919 2644 2020 2673 vero
2058 2630 2209 2672 statim

489 2703 847 2747 exclamauerunt
880 2714 952 2742 eos
984 2702 1026 2742 et
1059 2700 1113 2741 ad
1146 2699 1334 2741 invicem
1357 2699 1697 2753 sagittauerunt.
1759 2700 1858 2741 Duo
1880 2713 1980 2741 vero
2003 2699 2054 2741 de
2076 2700 2208 2741 male-

490 2772 728 2815 factoribus
758 2770 955 2812 exierunt
988 2769 1040 2810 de
1064 2769 1270 2810 societate
1293 2782 1373 2811 sua
1396 2772 1437 2811 et
1474 2771 1684 2823 ceperunt
1718 2769 1958 2811 Robertum
1996 2768 2047 2810 de
2081 2768 2209 2818 Wik’,

490 2842 563 2884 vbi
598 2841 719 2884 stetit
761 2840 815 2881 ad
852 2839 1049 2891 lignum⁴
1085 2851 1228 2887 suum,
1262 2840 1304 2879 et
1336 2851 1436 2879 cum
1473 2839 1699 2879 venatores
1742 2837 2018 2879 multitudini
2059 2851 2210 2879 eorum

489 2912 662 2954 obstare
684 2923 773 2951 non
794 2909 1032 2961 potuerunt
1055 2906 1360 2948 discesserunt.

580 2981 738 3021 Postea
773 2978 869 3019 die⁵
906 2975 1087 3020 Sabbati
1123 2975 1321 3029 proxima
1354 2976 1452 3029 post
1491 2976 1652 3017 festum
1688 2974 1829 3017 sancti
1863 2974 2050 3016 Dionisii
2092 2989 2210 3017 anno

539 3087 545 3104 ⁸
575 3086 637 3117 See
654 3096 686 3125 p.
704 3086 745 3116 32
764 3083 880 3115 above.
986 3083 997 3100 ²
1022 3082 1040 3112 4
1059 3080 1204 3112 October
1222 3082 1317 3112 1257.
1432 3081 1441 3098 ⁴
1466 3080 1551 3111 This
1578 3081 1776 3120 expression
1801 3080 1924 3111 should
1957 3081 1996 3112 be
2028 3083 2209 3122 compared

537 3132 549 3148 ³
573 3129 646 3160 The
671 3127 877 3160 translation
904 3127 938 3157 of
962 3125 1032 3157 this
1066 3123 1156 3156 word
1182 3124 1211 3155 is
1240 3134 1317 3155 con·
1386 3123 1468 3155 with
1487 3123 1548 3154 ‘ad
1566 3124 1659 3154 fusta
1677 3125 1757 3154 sua'
1776 3134 1820 3156 on
1837 3135 1869 3165 p.
1887 3126 1929 3157 80
1946 3125 2061 3157 above.

491 3173 647 3214 jectural.
1430 3169 1441 3185 ⁵
1468 3168 1507 3198 14
1526 3167 1672 3199 October
1689 3169 1783 3199 1257.
