2421 3529
474 243 535 288 19
729 254 1037 290 SELECTIONS
1072 255 1213 290 FROM
1249 255 1352 289 THE
1387 256 1578 291 FOREST
1613 256 1752 290 EYRE
1788 256 1950 292 ROLLS

239 380 344 425 mzf-eyz.
481 365 633 417 (alibi),
657 366 810 408 Wolfle
847 368 1045 419 (dimidia
1067 371 1231 418 marca)
1272 370 1313 411 et
1349 368 1583 424 Etlynton’
1618 369 1651 423 (j
1688 373 1854 421 marca)
1878 383 1967 412 non
1990 373 2207 414 venerunt

240 413 380 475 fj''i1{¹‡‘1⁹-’ce.
480 435 676 489 plenarie
699 437 779 477 etc.
803 436 900 478 ideo
922 437 967 478 in
989 436 1303 479 misericordia.

569 505 757 557 Quidam
799 506 887 548 feto
929 506 1136 547 inventus
1191 505 1275 548 fuit
1327 505 1373 547 in
1415 520 1570 560 campo
1624 507 1676 548 de
1731 506 1944 561 Elynton’
1988 511 2205 551 mortuus.

480 573 718 627 Inquisicio
741 574 858 616 facta
883 589 960 628 per
983 574 1157 616 villatas
1179 574 1377 617 Elinton’
1408 575 1562 626 (alibi),
1590 575 1748 629 Wlfley
1785 575 1937 626 (alibi),
1968 577 2206 618 Alcumbir’

243 649 352 706 2533.-
484 642 620 692 (alibi)
657 644 699 683 et
730 642 991 696 Brampton’
1030 643 1073 697 (ij
1099 647 1261 694 marce)
1287 643 1362 696 qui
1393 643 1531 684 nichil
1562 643 1664 686 inde
1687 644 1847 685 sciunt.
1908 645 1969 686 Et
1992 645 2095 698 quia
2117 659 2207 688 non

242 716 263 746 i]
280 722 383 740 marce-
481 711 696 752 venerunt
718 711 929 764 plenarie,
953 711 1049 753 ideo
1071 711 1116 752 in
1139 711 1454 754 misericordia.

568 779 755 831 Quidam
772 780 903 822 homo
922 784 1155 822 extraneus
1170 781 1336 823 occisus
1359 781 1567 823 inuentus
1590 781 1672 823 fuit
1687 781 1732 823 in
1753 782 1943 836 Sappel’.
1994 782 2209 824 Ricardus

479 846 709 899 Lenueyse
751 846 1006 888 forestarius
1047 847 1180 901 pedes
1229 848 1400 901 primus
1450 848 1657 890 inuentor
1698 862 1788 889 non
1830 849 1950 891 venit
2001 863 2080 890 nec
2124 849 2208 891 fuit

480 913 762 962 attachiatus‚
786 913 888 966 quia
919 913 1115 955 viridarii
1148 913 1299 956 dicunt-
1332 917 1374 956 et
1407 917 1629 957 testantur
1661 915 1775 968 quod
1807 916 1980 956 nullum
2014 916 2210 957 fecerunt

480 979 878 1020 attachiamentum
923 980 974 1021 de
1016 979 1246 1021 inuentore
1289 980 1393 1023 dicti
1425 981 1589 1022 mortui
1632 981 1702 1022 uel
1744 981 1874 1023 occisi
1914 981 2032 1023 infra
2067 984 2210 1023 metas

481 1049 653 1098 foreste,
687 1048 864 1099 scilicet,
898 1049 1015 1091 infra
1047 1049 1317 1091 dominicum
1349 1050 1529 1092 boscum
1563 1050 1729 1093 domini
1761 1051 1888 1105 regis,
1913 1065 1992 1093 nec
2015 1065 2209 1105 vnquam

480 1118 625 1171 aliquo
676 1120 871 1171 tempore
923 1120 1063 1161 facere
1106 1122 1429 1161 consueuerunt
1473 1120 1647 1174 aliquod
1689 1119 1942 1162 huiusmodi
1993 1121 2210 1162 attachia-

479 1189 679 1228 mentum
703 1187 754 1228 de
776 1187 1007 1230 inuentore
1028 1202 1107 1230 nec
1130 1189 1181 1230 de
1205 1191 1392 1242 quatuor
1415 1188 1619 1237 viscinis;
1643 1202 1722 1230 nec
1752 1189 1944 1243 aliquam
1967 1190 2208 1243 Englesch-

480 1256 646 1298 eriam¹
685 1259 1055 1310 presentauerunt
1097 1258 1271 1299 racione
1313 1258 1449 1300 assise
1491 1259 1664 1300 foreste.
1727 1258 1788 1299 Et
1839 1258 1941 1312 quia
1992 1259 2058 1299 lex
2095 1260 2211 1300 terre

479 1339 569 1367 non
602 1326 728 1368 debet
761 1326 893 1368 deleri
926 1329 974 1369 ut
1007 1327 1058 1368 de
1090 1330 1230 1369 morte
1263 1327 1457 1368 hominis
1491 1327 1716 1369 occasione
1751 1327 1887 1368 assise
1922 1328 2080 1369 foreste
2110 1341 2208 1381 pro-

480 1395 722 1437 cedendum
745 1398 810 1437 est
834 1396 1073 1437 secundum
1097 1396 1286 1438 formam
1304 1396 1566 1450 placitorum
1583 1410 1754 1438 corone.
1798 1397 1928 1439 Nulla
1944 1397 2209 1451 Englessch-

245 1477 394 1533 {mpjdrfgup
480 1465 584 1515 eria,
620 1465 715 1506 ideo
757 1466 990 1506 murdrum
1023 1479 1153 1519 super
1194 1466 1476 1507 hundredum
1519 1466 1570 1507 de
1602 1465 1953 1520 Hyrstingston’.
2014 1467 2075 1508 Et
2107 1467 2210 1520 quia

244 1517 405 1602 {fjffgiude
479 1534 710 1589 inquisicio
754 1535 836 1577 fuit
871 1536 980 1577 alias
1017 1537 1165 1578 minus
1209 1536 1473 1578 sufficienter
1511 1538 1641 1586 facta,
1680 1536 1810 1578 modo
1847 1536 2096 1590 inquiratur
2133 1551 2211 1590 per

271 1594 277 1601 ¹
359 1596 365 1602 ⁴
478 1604 709 1646 viridarios
733 1607 776 1647 et
800 1608 988 1659 quatuor
1011 1606 1184 1648 villatas
1207 1606 1556 1660 propinquiores,
1582 1606 1760 1656 scilicet,
1785 1606 2005 1656 Herford’‚
2029 1606 2208 1660 Ripton'

480 1673 626 1727 Regis,
672 1674 851 1728 Ripton’
896 1675 1080 1716 Abbatis
1124 1678 1166 1717 et
1218 1675 1381 1728 Magna
1427 1675 1629 1725 811116616,
1674 1677 1716 1717 et
1758 1676 1895 1717 eciam
1947 1689 2023 1729 per
2065 1677 2210 1717 totum

478 1744 759 1785 hundredum
794 1745 846 1785 de
883 1745 1230 1798 Hyrstingston’,
1264 1746 1338 1798 qui
1370 1745 1522 1787 dicunt
1555 1759 1685 1798 super
1718 1748 2045 1786 sacramentum
2079 1759 2209 1787 suum

479 1813 593 1866 quod
626 1813 768 1854 dictus
800 1813 1016 1855 Ricardus
1048 1815 1086 1855 le
1118 1813 1311 1856 Enueise
1344 1816 1386 1855 et
1419 1814 1596 1867 quidam
1628 1815 1874 1856 Willelmus
1906 1815 1958 1855 de
1991 1814 2212 1857 Cornubia

480 1884 585 1923 sunt
620 1883 924 1924 malefactores
961 1883 1013 1924 de
1049 1886 1190 1925 morte
1232 1884 1322 1925 illa.
1406 1884 1466 1925 Et
1503 1884 1749 1926 Willelmus
1784 1883 1867 1925 fuit
1901 1888 2134 1925 extraneus
2167 1886 2210 1926 et

478 1950 656 2004 ignotus
680 1954 721 1993 et
745 1952 898 1993 statim
920 1954 1017 2006 post
1040 1959 1228 1994 mortem
1250 1953 1372 1994 illam
1404 1956 1596 2003 recessit,
1620 1967 1698 1994 nec
1731 1961 1912 1995 actenus
1945 1954 2088 2004 rediit,
2111 1954 2210 1995 ideo

479 2017 614 2058 nichil
647 2018 698 2059 de
727 2018 938 2071 vtlageria
969 2018 1121 2072 ipsius.
1183 2019 1244 2060 Et
1266 2018 1516 2073 inquiratur
1549 2020 1600 2061 de
1632 2019 1727 2073 ipso
1760 2022 1839 2062 etc.
1901 2020 1962 2061 Et
1995 2020 2210 2061 Ricardus

245 2100 334 2138 xvjd.
479 2084 678 2137 exigatur
702 2086 744 2126 et
765 2086 999 2139 vtlagetur.
1063 2087 1235 2128 Catalla
1268 2086 1360 2128 eius
1398 2087 1614 2129 sexdecim
1637 2087 1806 2128 denarii
1828 2087 1941 2128 vnde
1963 2087 2212 2129 Iohannes³

245 2135 421 2197 ss‘ssiffssssiiirf't
480 2151 532 2192 de
555 2151 764 2205 Marynes
787 2152 1026 2194 vicecomes
1048 2153 1343 2207 respondebit.

567 2219 877 2261 Presentatum
920 2222 984 2261 est
1036 2234 1112 2273 per
1165 2220 1417 2262 forestarios
1469 2222 1510 2262 et
1562 2219 1793 2262 viridarios
1844 2220 1958 2273 quod
2009 2220 2211 2263 homines

479 2286 682 2339 Hugonis
713 2300 898 2340 persone
935 2287 987 2329 de
1020 2288 1233 2329 Yrecestr’
1268 2290 1484 2329 venerunt
1517 2287 1564 2329 in
1601 2287 1748 2341 vigilia
1768 2289 1782 2312 ⁴
1808 2287 2060 2341 Epiphanie
2093 2302 2210 2330 anno

480 2354 701 2396 tricesimo
724 2369 824 2395 cum
848 2357 1036 2407 quatuor
1059 2355 1287 2408 leporariis
1319 2355 1365 2396 in
1397 2356 1562 2397 foresta
1594 2355 1645 2397 de
1667 2355 1899 2408 VVauberg’
1926 2355 2000 2408 qui
2031 2355 2208 2396 ouiaue-

480 2424 585 2462 runt
626 2421 879 2463 hominibus
925 2421 1129 2475 Symonis
1173 2422 1335 2472 Maufe,
1376 2423 1553 2472 scilicet,
1597 2422 1772 2464 Oliuero
1817 2422 1901 2463 filio
1942 2436 2125 2475 persone
2167 2424 2210 2463 et

479 2488 696 2529 willelmo
719 2488 770 2529 de
792 2488 976 2542 Esseby,
1003 2488 1077 2542 qui
1109 2502 1261 2530 omnes
1293 2492 1504 2542 ceperunt
1536 2503 1672 2531 vnum
1706 2490 1897 2530 fetonem
1929 2488 2058 2530 vnius
2090 2488 2210 2530 anni.

479 2555 541 2596 Et
564 2554 783 2596 forestarii
805 2555 1179 2608 superuenientes,
1205 2556 1383 2606 scilicet,
1407 2556 1632 2598 Galfridus
1657 2556 1708 2597 de
1729 2556 1905 2597 Mortuo
1927 2555 2056 2605 Mari,
2079 2556 2211 2609 Hugo

481 2624 532 2665 de
565 2625 762 2678 BarIeye,
799 2625 964 2678 Symon
997 2625 1048 2666 de
1082 2625 1280 2675 Grafha',
1309 2626 1530 2667 Iohannes
1562 2626 1613 2667 de
1647 2625 1972 2680 Copmanford',
1996 2625 2210 2666 Ricardus

481 2693 662 2734 (lenitas
685 2696 727 2734 et
749 2694 962 2735 Ricardus
994 2694 1032 2735 16
1065 2695 1267 2748 Enueyse
1300 2697 1653 2748 superuenerunt
1685 2698 1727 2736 et
1758 2695 1875 2748 ipsos
1907 2694 2135 2737 Oliuerum
2167 2697 2210 2736 et

480 2763 749 2804 willelmum
791 2765 833 2804 et
866 2764 1086 2816 quendam
1118 2764 1354 2816 Hugonem
1396 2764 1622 2806 hominem
1655 2764 1760 2805 dicti
1790 2763 1994 2817 Hugonis
2025 2777 2209 2817 persone

481 2834 702 2885 ceperunt.
765 2832 825 2872 Et
848 2833 978 2885 Hugo
1001 2833 1143 2874 euasit
1175 2833 1226 2874 de
1259 2833 1464 2874 manibus
1497 2833 1602 2875 dicti
1634 2832 1811 2874 Ricardi
1842 2833 1881 2874 le
1912 2831 2107 2874 Enueise
2139 2833 2209 2874 cui

482 2901 564 2942 fuit
587 2901 776 2942 traditus
799 2901 853 2943 ad
877 2901 1226 2952 custodiendum,
1251 2902 1344 2956 ipso
1376 2903 1563 2944 Ricardo
1596 2903 1767 2944 volente
1799 2904 1841 2944 et
1876 2901 2180 2944 consenciente
2196 2917 2206 2951 3

527 3064 532 3080 ¹
562 3064 623 3094 See
642 3063 875 3095 Publications
892 3064 926 3094 of
943 3063 1000 3095 the
1020 3064 1141 3095 selden
1162 3064 1308 3105 Society,
1378 3065 1412 3095 of
1430 3064 1631 3104 Cambridge
1649 3064 1716 3096 and
1741 3063 1969 3103 Huntingdon
1994 3073 2037 3095 on
2064 3064 2103 3095 17
2129 3062 2208 3102 May

482 3107 546 3137 vol.
565 3109 594 3141 ἵ),
613 3117 644 3146 p.
664 3107 747 3138 xliii.
839 3110 850 3125 ‘·’
877 3110 938 3138 See
955 3119 987 3147 p.
1008 3110 1058 3140 17,
1077 3112 1155 3139 note
1175 3111 1203 3139 3.
1380 3110 1474 3139 1255.
1523 3110 1585 3139 See
1604 3109 1682 3140 Lz'st
1699 3110 1735 3148 of
1751 3109 1906 3147 Slzcrzffs.

530 3154 535 3166 ‘
560 3151 649 3181 John
664 3152 697 3182 of
715 3151 893 3182 Mareliam
906 3162 974 3183 was
992 3152 1175 3191 appointed
1191 3152 1308 3183 sheriff
1423 3153 1433 3169 ⁴
1457 3152 1593 3193 Friday,
1612 3154 1630 3183 5
1648 3154 1802 3193 January
1822 3152 1912 3193 1243..
