2421 3529
207 2886 284 2909 misci
293 2886 398 2911 {corrui

221 2927 224 2932 ’
242 2927 253 2938 s*

439 263 497 307 67
694 271 1000 307 snrncrioxs
1035 270 1175 305 finon
1211 271 1315 305 THE
1352 271 1542 305 Fonnsr
1579 271 1717 305 EYRE
1753 272 1913 306 ROLLs

526 385 609 438 Qui
641 385 793 426 dicunt
826 398 957 439 super
990 386 1315 425 sacramentum
1340 397 1470 424 suum
1494 383 1607 436 quod
1630 383 1848 426 Robertus
1872 385 1924 426 de
1945 383 2163 438 Euering-

437 456 541 497 ham
565 455 737 496 racione
763 455 924 496 balliue
957 468 1033 495 sue
1065 453 1215 494 debuit
1238 453 1391 506 fugare
1412 453 1617 506 leporem,
1640 454 1831 507 vulpem,
1855 454 2089 495 scurellum
2121 456 2164 495 et

439 530 586 566 catum
609 525 654 564 in
678 525 853 565 foresta.

527 595 639 635 Item
663 593 815 634 dicunt
841 592 955 646 quod
985 590 1133 632 debuit
1155 591 1317 632 habere
1340 589 1544 631 corticem
1568 592 1611 632 et
1633 604 1902 644 couporones
1925 605 2165 644 quercuum

439 677 547 717 quas
571 662 777 703 dominus
799 675 872 702 rex
896 661 1075 702 dederat
1098 660 1150 701 de
1173 659 1404 700 dominicis
1426 659 1568 700 boscis
1592 660 1683 700 suis
1704 674 1781 713 per
1803 660 1935 701 breue
1959 673 2104 701 suum.

527 733 640 774 Item
674 732 825 773 dicunt
857 730 971 784 quod
1015 729 1140 771 debet
1181 729 1343 770 habere
1384 729 1775 782 retropannagium
1818 729 2023 782 quociens
2065 742 2165 770 con-

438 801 601 855 tigerit.

528 871 641 911 Item
665 868 816 910 dicunt
849 868 963 922 quod
993 867 1143 909 debuit
1164 865 1326 908 habere
1349 865 1723 919 expeditacionem
1747 879 1907 907 canum
1929 880 2018 907 non
2042 880 2163 919 expe·
2216 867 2219 871 '

439 939 694 987 (litatorum,
719 937 917 978 videlicet
952 937 1004 979 de
1036 935 1228 990 quolibet
1263 949 1369 977 cane
1402 949 1490 976 non
1523 935 1770 989 expedit-ato
1802 939 1891 977 tres
1924 935 2082 976 solidos
2114 936 2166 976 de

438 1008 579 1049 tribus
622 1007 750 1048 annis
792 1006 838 1047 in
881 1010 968 1047 tres
1011 1018 1150 1047 annos
1193 1004 1368 1058 quando
1410 1004 1541 1045 breue
1584 1003 1750 1045 domini
1792 1004 1906 1058 regis
1948 1004 2068 1046 venit
2110 1004 2165 1045 ad

438 1076 673 1129 regardum
698 1075 961 1116 faciendum.

525 1146 637 1186 Item
654 1145 805 1185 dicunt
821 1144 934 1196 quod
958 1143 1009 1184 de
1032 1142 1158 1184 molis
1182 1141 1358 1184 cariatis
1376 1142 1550 1195 quando
1572 1142 1846 1184 transierunt
1864 1156 1940 1195 per
1958 1142 2165 1183 forestam

436 1214 591 1255 habuit
614 1228 690 1267 per
713 1226 881 1254 annum
905 1211 1060 1265 viginti
1083 1211 1255 1253 solidos.

524 1284 637 1324 Item
669 1282 819 1323 dicunt
853 1281 966 1335 quod
998 1279 1142 1322 tenuit
1177 1280 1324 1321 decem
1356 1279 1482 1321 feoda
1504 1280 1698 1322 militum
1721 1280 1773 1322 de
1796 1279 1974 1321 domino
1997 1293 2097 1333 rege
2120 1279 2166 1320 in

436 1352 577 1405 capite
601 1352 652 1393 de
675 1365 861 1405 quorum
895 1349 1078 1392 seruicio
1111 1352 1371 1391 exoneratus
1405 1349 1488 1390 fuit
1519 1352 1697 1403 propter
1729 1349 1975 1391 custodiam
2008 1349 2166 1390 foreste

436 1425 477 1463 et
500 1422 555 1463 ad
577 1421 864 1462 inueniendos
888 1419 1139 1461 forestarios
1163 1432 1264 1459 suos
1287 1418 1537 1472 sumptibus
1561 1418 1651 1459 suis
1673 1418 1876 1472 propriis.

524 1491 638 1532 Item
677 1490 829 1531 dicunt
863 1489 975 1543 quod
1008 1502 1160 1530 omnes
1186 1490 1301 1529 terre
1331 1502 1408 1529 sue
1443 1487 1580 1540 quasl
1610 1488 1767 1529 habuit
1793 1487 1839 1528 in
1872 1488 2033 1529 foresta
2063 1489 2166 1528 sunt

435 1563 556 1603 extra
578 1560 811 1614 regardum
835 1559 1010 1601 racione
1031 1558 1192 1600 balliue
1216 1572 1292 1599 sue
1315 1560 1356 1599 et
1379 1571 1531 1599 omnes
1561 1571 1690 1600 canes
1723 1558 1775 1600 de
1808 1558 1934 1600 feodo
1965 1571 2045 1599 suo
2076 1572 2165 1599 non

435 1633 565 1672 erunt
588 1629 837 1684 expeditati.

523 1700 636 1741 Item
670 1699 822 1741 dicunt
855 1698 968 1752 quod
1000 1697 1161 1740 balliua
1191 1696 1375 1751 predicti
1406 1696 1587 1739 Roberti
1619 1697 1898 1738 abiudicata2
1926 1696 2008 1738 fuit
2040 1696 2092 1738 de
2122 1710 2166 1738 se

436 1771 478 1811 et
499 1768 733 1810 heredibus
756 1769 846 1809 suis
869 1767 1196 1821 imperpetuum
1228 1767 1274 1807 in
1296 1765 1449 1808 vltimo
1481 1766 1638 1808 itinere
1659 1765 1867 1808 Willelmi
1889 1766 1940 1807 de
1962 1765 2101 1819 Vescy
2123 1767 2165 1806 et

435 1838 652 1879 sociorum
687 1850 869 1878 suorum
901 1835 1247 1877 iusticiariorum
1280 1835 1446 1876 domini
1468 1834 1583 1888 regis
1605 1835 1660 1877 ad
1682 1834 1846 1889 placita
1867 1834 2026 1875 foreste
2049 1834 2165 1887 apud

436 1907 706 1961 Notingham
729 1905 1042 1948 itinerancium
1060 1918 1138 1958 pro
1159 1904 1361 1958 pluribus
1384 1904 1556 1946 defaltis
1580 1905 1632 1945 de
1650 1903 1808 1958 quibus
1831 1903 1914 1944 fuit
1937 1903 2165 1944 conuictus

435 1977 480 2017 in
504 1976 655 2018 eodem
677 1975 859 2025 itinere3
894 1988 970 2028 per
993 1974 1107 2028 quod
1130 1973 1336 2015 dominus
1369 1987 1441 2015 rex
1474 1973 1684 2014 balliuam
1718 1972 1936 2014 forestarii
1968 1972 2081 2013 feodi
2113 1973 2165 2014 de

438 2045 685 2088 Shirewode
707 2047 849 2098 potest
873 2044 1068 2085 conferre
1091 2042 1337 2095 cuicunque
1360 2042 1443 2083 sibi
1464 2042 1694 2095 placuerit.

523 2116 576 2155 In
609 2114 732 2155 cuius
765 2114 827 2156 rei
859 2112 1164 2154 testimonium
1196 2111 1382 2166 predicti
1414 2111 1611 2152 ministri
1642 2114 1684 2153 et
1717 2110 1792 2153 alii
1814 2110 1949 2152 iurati
1971 2109 2165 2164 presenti

435 2183 715 2238 inquisicioni
738 2182 879 2233 sigilla
902 2195 982 2222 sua
1004 2182 1317 2234 apposuerunt.

524 2253 585 2293 Et
618 2252 770 2293 dicunt
803 2250 917 2304 quod
951 2249 1155 2291 nesciunt
1190 2249 1309 2290 aliud
1352 2249 1492 2290 dicere
1527 2248 1613 2290 nisi
1647 2249 1760 2303 quod
1803 2248 1987 2303 predicti
2029 2248 2163 2290 iurati

437 2321 653 2363 dicebant.
716 2320 775 2361 Et
799 2320 858 2361 sic
880 2319 1061 2374 ponitur
1084 2318 1130 2359 in
1152 2322 1368 2372 respectu.

439 2675 658 2710 ³R0tu1us
679 2674 734 2708 de
753 2673 1116 2708 amerciamentis
1139 2672 1196 2707 de
1223 2672 1450 2707 conmotis
1474 2672 1522 2706 in
1547 2671 1916 2706 attachiamentis
1939 2671 1994 2706 de
2019 2674 2162 2706 trans-

506 2729 813 2771 gressionibus
837 2728 995 2762 viridis
1019 2728 1139 2762 vltra
1162 2728 1369 2770 precium
1387 2729 1579 2769 quatuor
1597 2726 1888 2761 denariorum
1906 2728 1951 2761 et
1968 2735 2056 2769 que
2073 2734 2164 2760 non

505 2786 755 2826 potuerunt
781 2782 1019 2817 amerciari
1043 2782 1133 2816 nisi
1157 2782 1205 2816 in
1228 2782 1404 2816 itinere.

528 2873 591 2913 De
615 2871 802 2912 Radulfo
835 2870 924 2912 filio
957 2868 1186 2921 Reginaldi
1219 2869 1270 2910 de
1299 2869 1587 2910 Edenestowe
1609 2881 1688 2922 pro
1711 2881 1797 2909 vna
1820 2881 1982 2921 quercu
2014 2867 2162 2908 decem

441 2941 734 2988 denariorum,
773 2939 886 2981 vnde
916 2938 1112 2979 viridarii
1146 2940 1249 2979 sunt
1282 2937 1452 2979 onerati
1483 2937 1529 2978 in
1561 2937 1704 2979 rotulo
1736 2937 1788 2977 de
1820 2936 1963 2989 precio
1995 2935 2160 2978 viridis.

438 3013 496 3053 Et
521 3026 598 3065 pro
621 3008 967 3063 transgressione
989 3008 1031 3048 in
1050 3007 1348 3049 misericordia
1362 3022 1479 3049 nunc
1497 3007 1543 3048 in
1561 3007 1731 3048 itinere.
1794 3006 1930 3060 Plegii
1947 3006 2162 3048 Ricardus

439 3083 489 3123 de
515 3081 801 3122 Nun-manton'
827 3082 868 3120 et
891 3078 1106 3120 Bicardus
1130 3077 1320 3119 Godard'
1346 3077 1396 3118 de
1421 3076 1691 3129 Thouresby.

496 3169 501 3184 ¹
530 3166 600 3196 ΜΞ.
622 3166 726 3204 ·quc.’
952 3164 963 3180 ’-’
988 3162 1059 3200 Ms.
1080 3161 1310 3193 ‘adiudicata
1546 3162 1555 3178 ³
1580 3161 1742 3192 Extracts
1759 3161 1847 3191 from
1865 3159 1945 3191 rolls
1964 3161 2002 3190 11
2021 3163 2055 3190 to
2073 3160 2123 3190 14.
