2421 3529
247 2502 273 2526 ³²2

484 298 577 344 109
949 308 1135 344 SELEor
1170 309 1361 344 FOREsT
1398 308 1748 352 INQUISITIONS

478 420 602 463 Elias
625 420 675 462 de
701 420 929 464 Stanerne.
1340 421 1612 464 Laurencius
1646 420 1925 475 Frankeleyn
1957 421 2009 463 de
2046 421 2201 465 Welle-

478 490 694 531 Radulfus
717 489 865 531 Piccor
888 490 939 532 de
961 490 1105 544 Islep’.
1428 491 1544 532 don’.

477 559 722 601 Willelmus
765 558 882 600 filius
934 559 1112 600 Ricardi
1163 561 1283 601 extra
1343 559 1587 601 Willelmus
1609 558 1725 599 filius
1747 558 1925 600 Roberti
1947 559 1999 600 de
2021 559 2185 600 eadem.

569 627 735 669 uillam.
1340 628 1583 670 Willelmus
1606 627 1658 670 de
1676 627 1873 670 Twiwell’
1897 628 1943 669 in
1968 628 2198 671 Stanerne.

474 696 693 738 Henricus
715 696 932 739 Iocehom'
957 696 1008 739 de
1031 697 1197 739 eadem.

561 829 719 872 Villate
736 829 1106 884 z—Geytington’‚
1129 830 1244 880 Acle,
1270 829 1498 881 Bricstok’‚
1524 829 1678 883 Corby,
1706 829 1937 879 Stanerne‚
1962 828 2119 870 iurate.

565 900 577 923 ¹
595 900 677 952 Qui
700 900 851 942 dicunt
875 914 1005 954 super
1030 902 1355 942 sacramentum
1380 914 1508 941 suum
1533 900 1646 953 quod
1678 900 1843 941 habent
1876 898 2200 952 suspeccionem

477 970 591 1023 quod
612 970 831 1011 Henricus
854 970 974 1011 Neue
996 972 1128 1011 natus
1162 970 1213 1011 de
1246 969 1374 1023 Islep'
1395 983 1470 1022 per
1502 972 1590 1010 tres
1624 983 1763 1011 annos
1795 969 1964 1022 elapsos
1996 967 2078 1010 iuit
2100 982 2200 1009 cum

478 1039 666 1081 arcubus
690 1040 731 1080 et
755 1038 928 1092 sagittis
951 1039 995 1079 in
1019 1052 1149 1092 parco
1174 1039 1224 1080 de
1247 1038 1442 1080 Brixtok’
1467 1041 1508 1080 et
1530 1038 1575 1079 in
1598 1038 1726 1080 bosco
1749 1038 1800 1079 de
1823 1037 1965 1078 firma.

564 1108 625 1149 Et
669 1108 875 1151 Salomon
913 1107 965 1149 de
997 1107 1099 1148 Aclc
1135 1107 1317 1148 insimul
1350 1107 1605 1149 malefactor
1640 1107 1684 1147 in
1723 1107 1887 1148 eisdem
1921 1105 2061 1147 boscis
2099 1119 2200 1146 cum

477 1177 665 1218 arcubus
681 1178 723 1218 et
741 1176 911 1230 sagittis
927 1191 937 1226 3
972 1178 1014 1218 et
1029 1190 1073 1217 se
1092 1176 1278 1218 aduocat
1295 1190 1371 1230 per
1389 1176 1617 1218 dominum
1634 1177 1869 1230 Hugonem
1884 1174 1935 1216 (16
1951 1174 2199 1227 Goldingh’,

479 1246 765 1287 senescallum
788 1246 963 1287 foreste.
1025 1245 1086 1286 Et
1109 1244 1262 1286 dicunt
1285 1244 1398 1298 quod
1430 1245 1546 1286 idem
1582 1245 1789 1287 Salomon
1821 1245 1886 1286 est
1919 1243 2200 1285 consenciens

477 1314 682 1357 omnibus
705 1314 1095 1363 architenentibus‚
1119 1313 1194 1367 qui
1215 1317 1430 1355 venerunt
1452 1313 1498 1354 in
1513 1313 1677 1355 eisdem
1694 1313 1835 1354 boscis
1851 1312 1906 1354 ad
1921 1311 2199 1354 malefacien-

478 1384 582 1425 dum
606 1383 656 1425 de
679 1384 916 1425 venacione
939 1383 1106 1425 domini
1128 1382 1242 1437 regis
1262 1397 1271 1431 ;
1305 1385 1348 1424 et
1371 1382 1612 1425 associatus
1635 1385 1700 1424 est
1722 1382 1798 1423 eis.

565 1453 677 1494 Item
702 1452 853 1494 dicunt
877 1452 991 1506 quod
1023 1452 1175 1495 Simon
1207 1451 1324 1493 filius
1356 1451 1514 1505 Rogeri
1547 1451 1598 1492 de
1631 1450 1914 1505 Geytington‘
1948 1449 2068 1492 vadit
2101 1464 2201 1492 cum

477 1536 583 1564 arcu
606 1524 647 1564 61
671 1521 842 1575 sagittis
864 1521 1060 1563 barbatis
1082 1520 1127 1561 in
1151 1534 1282 1574 parco
1305 1521 1357 1562 de
1379 1519 1595 1561 Brixstok’
1618 1535 1627 1569 3
1662 1522 1704 1561 61
1728 1533 1816 1561 11011
1849 1520 1913 1561 661
1947 1519 2201 1561 forestarius

477 1592 662 1641 iuratus,
679 1604 755 1645 per
771 1590 884 1644 quod
897 1590 1061 1632 habent
1081 1589 1406 1643 suspeccionem
1422 1589 1536 1643 quod
1550 1589 1805 1630 malefactor
1821 1591 1886 1630 est
1900 1589 1953 1629 de
1967 1587 2202 1630 venacione

479 1660 645 1702 domini
685 1659 799 1713 regis
834 1661 876 1701 61
913 1658 1193 1701 consenciens
1228 1660 1294 1700 661
1328 1658 1532 1700 omnibus
1566 1657 1923 1700 malefactoribus
1957 1657 2004 1698 in
2051 1657 2201 1699 eodem

477 1743 634 1783 parco;
670 1730 711 1770 et
735 1742 779 1770 se
802 1728 987 1770 aduocat
1009 1741 1085 1781 per
1108 1727 1353 1769 Iohannem
1378 1726 1636 1780 Spigurne13
1670 1728 1713 1767 et
1735 1725 1830 1767 ideo
1852 1725 2024 1767 inuenit
2038 1725 2202 1779 plegios

477 1797 770 1853 respondendi
802 1811 949 1839 coram
981 1796 1250 1846 iusticiariis,
1284 1795 1462 1846 scilicet,
1488 1795 1691 1838 Colinum
1724 1795 1865 1835 filium
1892 1794 2099 1837 Willelmi
2123 1794 2202 1835 filii

477 1867 686 1910 Fulconis
709 1868 762 1909 de
785 1866 1011 1920 Geytingt'
1037 1867 1079 1907 et
1101 1865 1340 1907 Ricardum
1363 1866 1414 1906 de
1437 1865 1623 1907 Horton’
1649 1864 1700 1905 de
1723 1864 1888 1905 eadem.

565 1936 903 1979 Memorandum
946 1935 1060 1989 quod
1101 1934 1323 1988 predictus
1370 1935 1577 1977 Salomon
1620 1933 1818 1975 obuiauit
1861 1932 1945 1973 illis
1989 1932 2063 1986 qui
2104 1946 2201 1986 pre-

478 2007 697 2049 dauerunt
720 2008 933 2048 carettam
956 2004 1011 2047 ad
1034 2018 1207 2046 crucem
1231 2004 1282 2046 de
1305 2003 1610 2058 Lappewortb’
1636 2003 1681 2044 in
1712 2003 1873 2044 foresta
1906 2002 1958 2044 de
1991 2002 2200 2056 Geyting-

478 2079 568 2119 ton’
593 2078 634 2118 61
657 2076 862 2129 cognouit
884 2075 1031 2128 plures
1054 2087 1220 2115 eorum.

568 2146 681 2186 Item
704 2144 855 2185 dicunt
874 2143 988 2196 quod
1006 2143 1226 2184 Iohannes
1245 2142 1321 2183 Iue
1336 2141 1508 2183 inuenit
1527 2141 1764 2195 quamdam
1780 2140 1958 2182 damam
1976 2141 2201 2182 mortuam

481 2213 533 2255 de
555 2212 739 2262 molina,
763 2214 806 2254 61
839 2210 946 2252 dixit
969 2210 1177 2253 Godwino
1199 2210 1288 2252 filio
1309 2209 1516 2252 Willelmi
1539 2211 1590 2251 de
1614 2209 1755 2263 Corby
1779 2209 1893 2263 quod
1916 2209 2200 2263 suspenderet

481 2297 578 2325 eam
602 2295 777 2324 sursum
794 2296 803 2331 ;
838 2282 880 2322 et
903 2282 1008 2322 tunc
1026 2279 1142 2320 idem
1165 2279 1217 2321 G.
1241 2279 1474 2321 escoriauit
1505 2279 1688 2320 eandem
1722 2278 1899 2319 damam
1931 2279 1974 2319 et
2006 2277 2202 2319 vendidit

481 2365 655 2393 coreum
678 2349 853 2391 cuidam
875 2347 1045 2390 homini
1077 2347 1128 2389 de
1161 2348 1358 2390 Gretton’
1381 2361 1459 2401 pro
1491 2361 1576 2389 vno
1609 2346 1801 2388 denario.
1864 2346 1925 2387 Et
1947 2348 2201 2400 preceptum

481 2420 564 2462 fuit
588 2419 702 2473 quod
725 2418 949 2472 capiatur3
984 2419 1026 2459 et
1050 2416 1202 2458 statim
1226 2416 1344 2458 venit
1367 2419 1409 2458 et
1432 2415 1565 2457 finem
1598 2416 1698 2457 fecit
1731 2429 1830 2457 cum
1862 2414 2104 2457 iusticiario
2126 2429 2201 2468 per

482 2488 710 2530 dimidiam
732 2501 928 2529 marcam
951 2488 1000 2528 ut
1034 2486 1089 2527 sit
1122 2485 1202 2527 sub
1234 2485 1412 2539 pleuina
1435 2499 1571 2539 usque
1593 2485 1837 2527 aduentum
1859 2483 2202 2526 iusticiariorum

482 2559 533 2601 de
557 2559 717 2600 foresta
734 2572 743 2606 ;
779 2559 820 2599 et
843 2556 1014 2597 inuenit
1037 2555 1201 2609 plegios
1221 2555 1234 2577 2
1269 2587 1278 2596 .
1314 2586 1324 2596 .
1360 2587 1368 2595 .

569 2628 682 2669 Item
706 2626 858 2668 dicunt
881 2625 995 2678 quod
1018 2624 1244 2677 erbagium
1269 2624 1319 2665 de
1342 2637 1473 2678 parco
1496 2623 1548 2665 de
1579 2622 1796 2665 Brixstok’
1822 2622 1932 2664 bene
1954 2621 2202 2663 custoditur

481 2697 536 2739 ad
559 2710 666 2750 opus
690 2694 856 2737 domini
879 2693 1018 2747 regis3
1054 2696 1120 2735 set
1143 2693 1257 2746 quod
1290 2694 1510 2735 Iohannes
1543 2693 1729 2734 Prentut
1762 2691 1926 2733 cariare
1959 2691 2060 2732 fecit
2093 2691 2201 2732 duos

481 2766 721 2807 carectatos
757 2763 845 2804 feni
882 2763 936 2804 ad
972 2762 1151 2804 domum
1186 2761 1369 2803 Henrici
1410 2761 1621 2815 prepositi
1663 2761 1715 2803 de
1756 2760 1951 2802 Brixtok’
1996 2759 2051 2802 ad
2093 2773 2201 2813 opus

480 2833 712 2875 iusticiarii
735 2833 786 2874 de
810 2833 971 2873 foresta
998 2831 1172 2885 quando
1204 2830 1290 2872 illic
1313 2831 1504 2872 venisset
1527 2833 1570 2873 et
1593 2830 1647 2872 ad
1670 2843 1800 2884 equm
1823 2843 1953 2871 suum
1975 2828 2202 2882 proprium

482 2903 534 2945 de
557 2901 822 2943 Acwellesik’
846 2900 922 2942 ubi
945 2901 1096 2941 fenum
1119 2899 1271 2940 creuit.

570 2971 682 3012 Item
705 2969 856 3011 dicunt
880 2969 994 3023 quod
1026 2968 1210 3010 Iacobus
1244 2968 1295 3010 de
1329 2968 1610 3022 Thurleberg’
1645 2969 1840 3022 tempore
1873 2965 2039 3009 domini
2072 2965 2125 3008 G.
2150 2964 2202 3006 de

837 3159 843 3177 ¹
872 3159 933 3191 See
950 3168 980 3199 p.
999 3158 1040 3190 36
1058 3157 1174 3190 above.
1509 3159 1521 3177 ²
1545 3156 1678 3189 Twelve
1696 3165 1825 3188 names.
