2421 3529
448 258 506 305 77
903 268 1090 303 SELECT
1126 269 1316 304 FOREST
1353 269 1706 311 INQUISITIONS

444 397 591 424 coram
614 380 881 431 iusticiariis,
898 381 1073 431 scilicet,
1099 381 1325 424 Oliuerum
1348 381 1400 423 de
1423 382 1602 435 Upton’,
1618 383 1838 436 Rogerum
1858 382 1996 424 filium
2019 383 2174 425 Basilii

445 451 496 491 de
542 450 730 498 Stilton',
776 449 989 490 Thomam
1033 449 1084 491 de
1121 449 1312 499 Stilton’,
1356 450 1601 491 Iohannem
1645 450 1696 491 de
1741 450 1872 492 Salue
1914 450 1960 491 in
2003 451 2173 501 eadem,

445 520 690 561 Iohannem
727 519 765 559 le
788 518 1038 559 Franchom
1062 518 1113 559 de
1136 519 1288 560 eadem
1312 520 1354 559 et
1376 518 1617 560 Robertum
1641 519 1691 560 de
1718 519 1908 560 Stilton’.

537 589 700 630 Omnes
723 587 884 636 villate‚
909 586 1065 637 iurate,
1091 587 1243 628 dicunt
1267 587 1382 641 quod
1405 588 1573 628 nullam
1598 587 1892 641 suspicionem
1926 588 2091 630 habent
2124 589 2175 630 de

449 657 654 712 capcione
689 656 809 698 dami
832 670 982 697 versus
1018 656 1258 697 Radulfum
1293 670 1527 710 personam
1551 657 1603 698 de
1628 657 1879 711 Syresham,
1914 672 1992 699 nec
2024 672 2176 699 versus

448 728 666 781 Rogerum
689 740 921 780 personam
945 726 996 767 de
1020 726 1215 768 Glatton’
1240 726 1354 767 sicut
1381 727 1546 767 factum
1581 726 1662 767 fuit
1696 726 1882 780 intelligi
1905 727 2081 769 domino
2105 728 2173 770 G.¹
2233 726 2235 728 ’

448 798 500 839 de
523 796 718 850 Langel'‚
735 795 977 837 iusticiario
1001 796 1185 845 foreste;
1210 809 1289 837 nec
1312 809 1388 850 per
1411 809 1483 838 eos
1501 798 1656 850 captus
1681 796 1763 838 fuit
1785 810 1863 838 nec
1886 810 1963 851 per
1986 796 2175 850 aliquem

447 866 522 920 qui
545 880 645 908 cum
668 865 729 907 eis
753 865 823 907 sit.

538 1011 552 1032 2
566 1007 734 1051 Accidit
758 1007 825 1050 die
840 1008 854 1030 ³
877 1007 1085 1048 Mercurii
1106 1007 1305 1062 proxima
1322 1009 1420 1062 post
1443 1007 1606 1048 festum
1622 1005 1763 1048 sancti
1787 1006 1905 1048 Petri
1921 1006 1975 1048 ad
1993 1006 2179 1048 Vincula

450 1093 567 1121 anno
585 1078 736 1120 eodem
752 1077 866 1130 quod
882 1076 1126 1118 Willelmus
1150 1076 1305 1118 Ruffus
1328 1079 1370 1118 et
1393 1076 1618 1118 Galfridus
1634 1075 1684 1117 de
1701 1076 1945 1129 Pylketon’‚
1963 1075 2180 1117 forestarii

450 1148 616 1202 pedites
640 1147 692 1188 de
713 1146 970 1199 Wauberge,
995 1148 1211 1187 venerunt
1234 1148 1387 1187 contra
1410 1145 1601 1186 mediam
1634 1147 1807 1186 noctem
1832 1145 1912 1186 sub
1935 1145 2179 1198 Wauberge

449 1218 505 1260 ad
527 1215 825 1257 insidiandam
848 1214 1058 1256 balliuam
1084 1229 1225 1264 suam,
1249 1214 1312 1256 ita
1335 1215 1449 1269 quod
1472 1215 1527 1256 ad
1551 1215 1602 1255 N.
1637 1247 1646 1255 .
1682 1247 1690 1256 .
1727 1246 1736 1255 .
1761 1228 1912 1255 versus
1936 1214 2178 1268 Alcunbiry

449 1286 743 1329 obuiauerunt
766 1284 941 1325 cuidam
971 1284 1187 1338 leporario
1219 1284 1331 1325 ruffo
1363 1284 1559 1326 thesanti
1582 1298 1715 1325 vnam
1748 1284 1939 1325 damam.
2002 1284 2062 1325 Et
2095 1283 2179 1337 ipsi

448 1355 806 1397 exclamauerunt
829 1353 995 1394 dictum
1018 1353 1285 1407 leporarium
1308 1357 1350 1395 et
1373 1368 1473 1394 eum
1497 1356 1721 1407 ceperunt.
1784 1354 1942 1395 Postea
1964 1354 2179 1394 venerunt

449 1424 677 1467 duodecim
719 1422 920 1465 homines
956 1426 1187 1476 sequentes
1223 1422 1504 1476 leporarium‚
1541 1436 1729 1476 quorum
1764 1436 1876 1463 Vnus
1912 1422 2013 1463 tulit
2045 1435 2178 1463 vnam

449 1493 656 1536 hachiam
694 1492 739 1533 in
776 1506 913 1534 manu
936 1506 1029 1541 sua,
1067 1493 1109 1533 et
1146 1492 1258 1533 alius
1294 1492 1528 1545 quemdam
1564 1492 1743 1545 longum
1778 1492 1996 1540 baculum,
2033 1493 2074 1532 et
2106 1491 2181 1533 alii

451 1564 600 1605 decem
625 1575 753 1604 arcus
775 1565 817 1603 et
840 1561 1052 1615 sagittas3
1088 1563 1130 1602 et
1154 1561 1372 1603 duxerunt
1405 1564 1493 1602 tres
1515 1561 1753 1614 leporarios
1776 1561 1821 1601 in
1843 1561 1969 1611 lesso,
1993 1574 2179 1614 quorum

449 1647 562 1675 Vnus
598 1631 681 1673 fuit
720 1631 860 1681 albus,
896 1631 1007 1672 alter
1043 1630 1303 1672 techellatus
1338 1630 1538 1671 albedine
1575 1632 1617 1672 et
1659 1630 1899 1683 nigredine,
1935 1632 1977 1672 et
2019 1629 2180 1671 tercius

449 1701 701 1744 nescierunt
725 1700 848 1741 cuius
881 1699 1035 1742 coloris
1071 1699 1168 1740 fuit.
1231 1699 1292 1740 Et
1327 1699 1544 1740 forestarii
1578 1699 1883 1740 clamauerunt
1918 1712 1989 1740 eos
2021 1701 2063 1740 et
2095 1698 2179 1752 ipsi

447 1772 753 1814 tractauerunt
768 1770 822 1811 ad
841 1769 1091 1811 forestarios
1110 1783 1182 1810 sex
1199 1768 1396 1822 sagittas,
1414 1772 1502 1810 tres
1517 1768 1725 1810 barbatas
1738 1770 1780 1810 et
1800 1770 1888 1810 tres
1904 1768 2178 1821 genderatas.

448 1843 508 1883 Et
544 1839 762 1883 forestarii
797 1840 1104 1881 tractauerunt
1139 1838 1194 1879 ad
1232 1852 1319 1887 eos,
1359 1840 1401 1880 et
1434 1838 1517 1892 ipsi
1549 1838 1831 1880 intrauerunt
1863 1837 2057 1878 boscum.
2119 1837 2180 1878 Et

449 1912 626 1965 propter
650 1908 981 1963 spissitudinem
999 1907 1117 1949 bosci
1139 1911 1180 1949 et
1198 1907 1512 1949 obscuritatem
1530 1907 1671 1949 noctis
1689 1907 1906 1949 forestarii
1928 1906 2179 1948 nescierunt

453 1994 538 2034 quo
563 1979 851 2020 deuenerunt.

543 2049 702 2090 Postea
739 2046 834 2088 die⁴
877 2045 1109 2087 Dominica
1150 2044 1348 2099 proxima
1391 2045 1603 2099 sequenti,
1636 2036 1890 2087 conuocatis
1924 2045 2179 2095 forestariis,

451 2117 669 2160 viridariis
722 2118 764 2157 et
820 2118 1009 2169 quatuor
1057 2115 1220 2156 villatis
1272 2114 1670 2168 propinquioribus,
1720 2114 1896 2163 scilicet,
1941 2114 2182 2168 Alcunbiry

449 2186 658 2236 Weston’‚
701 2186 864 2238 Magna
909 2184 1084 2226 Stiuecl'
1129 2186 1171 2225 et
1214 2185 1359 2225 Parua
1404 2183 1597 2233 Stiuecl’,
1640 2183 1837 2225 Elinton’
1885 2183 2085 2237 Sibetorp
2123 2184 2178 2224 ad

448 2256 760 2311 inquirendum
785 2254 858 2308 qui
880 2254 1080 2295 homines
1103 2253 1165 2294 illi
1188 2254 1381 2301 fuerunt,
1406 2255 1447 2294 et
1472 2252 1583 2293 vnde
1606 2254 1823 2294 venerunt
1861 2255 1903 2293 et
1935 2266 2020 2305 quo
2043 2253 2177 2293 redie-

448 2329 567 2376 runt,
592 2328 634 2367 et
652 2325 775 2367 cuius
798 2323 1002 2378 leporarii
1024 2322 1086 2363 illi
1109 2324 1301 2370 fuerunt,
1326 2325 1368 2363 et
1392 2321 1426 2362 si
1449 2321 1605 2375 aliquis
1624 2321 1748 2363 nouit
1767 2321 1890 2362 illum
1913 2321 2178 2375 leporarium

448 2396 626 2445 ruffum,
651 2393 725 2448 qui
748 2394 903 2447 captus
928 2392 1023 2433 fuit.
1077 2391 1318 2433 Forestarii
1341 2405 1458 2440 uero,
1484 2391 1632 2440 iurati,
1657 2391 1809 2432 dicunt
1831 2405 1907 2445 per
1931 2405 2176 2432 sacramen-

449 2468 544 2506 tum
568 2477 697 2505 suum
721 2462 834 2516 quod
857 2463 1158 2515 cognouerunt
1174 2474 1309 2502 vnum
1334 2474 1383 2501 ex
1406 2460 1490 2500 illis
1514 2460 1882 2510 malefactoribus,
1899 2460 1973 2514 qui
1995 2462 2179 2501 uocatur

450 2533 690 2576 Geruasius
724 2532 775 2573 de
808 2532 930 2572 Dene
972 2530 1016 2570 in
1059 2529 1272 2571 comitatu
1306 2529 1426 2578 Bed',
1465 2529 1686 2582 quondam
1721 2543 1848 2570 cocus
1881 2529 2092 2570 Ieremie⁵
2127 2528 2179 2569 de

451 2603 646 2651 Caxton',
666 2604 707 2643 et
730 2614 847 2641 nunc
871 2603 935 2641 est
958 2613 1056 2640 cum
1077 2598 1253 2640 domino
1271 2598 1469 2639 Iohanne
1484 2599 1498 2621 ⁶
1515 2598 1568 2639 de
1587 2598 1781 2640 Crachel’
1802 2613 1810 2646 ;
1836 2600 1878 2639 et
1896 2598 2047 2638 dicunt
2066 2597 2179 2651 quod

451 2672 604 2714 solitus
640 2672 704 2712 est
742 2669 998 2710 malefacere
1021 2668 1066 2708 in
1091 2668 1250 2709 foresta
1289 2667 1555 2708 inrotulatus
1589 2667 1634 2708 in
1671 2667 1815 2709 rotulo
1844 2667 2177 2715 viridariorum3

452 2743 504 2783 de
536 2741 633 2782 aliis
656 2742 804 2782 autem
827 2738 962 2779 nichil
986 2737 1145 2787 sciunt,
1170 2740 1235 2778 set
1262 2736 1414 2778 dicunt
1449 2737 1562 2790 quod
1598 2736 1776 2790 quidam
1812 2750 1963 2778 eorum
2000 2737 2180 2777 fuerunt

453 2809 628 2859 armati,
653 2811 718 2851 set
740 2807 991 2849 nescierunt
1014 2810 1131 2859 quot.

540 2879 761 2922 Alcunbir’
791 2878 998 2924 Weston',
1029 2876 1191 2928 Magna
1222 2874 1413 2924 Stiuecl'‚
1442 2875 1587 2917 Parua
1619 2874 1811 2924 Stiuecl',
1836 2874 2032 2916 Elinton’
2061 2873 2181 2916 Sibe-

454 2953 565 3003 torp,
589 2949 744 2998 iurate,
770 2947 902 2988 nichil
926 2946 1025 2987 inde
1050 2946 1208 2986 sciunt.

500 3041 505 3057 ¹
535 3041 596 3070 See
614 3049 646 3079 p.
664 3041 716 3073 37,
735 3040 814 3068 note
832 3039 861 3067 2.
1395 3036 1405 3051 ⁵
1430 3034 1619 3073 According
1652 3039 1686 3065 to
1719 3034 1868 3065 Mathew
1897 3034 2003 3067 Paris,
2030 3033 2121 3065 John
2148 3033 2181 3064 of

500 3086 509 3101 ·'
536 3084 597 3114 Sec
614 3093 670 3123 pp.
690 3084 740 3115 12,
760 3083 798 3111 13
817 3081 933 3112 above.
1351 3078 1531 3109 Crakchall
1558 3089 1625 3109 was
1650 3078 1834 3118 appointed
1861 3078 2046 3109 Treasurer
2078 3078 2181 3108 about

500 3129 509 3143 ³⁴
535 3129 552 3156 2
571 3128 703 3165 August
723 3127 817 3156 1251.
1353 3124 1392 3152 18
1418 3123 1572 3155 October.
1600 3124 1694 3153 1259.
1744 3123 1804 3153 See
1832 3122 2003 3153 Chronica
2032 3122 2191 3157 Maiora,

504 3173 510 3188 ⁸
537 3172 554 3198 43
573 3172 704 3209 August
726 3171 817 3200 1251.
896 3171 906 3186 ³*
935 3169 994 3199 See
1013 3177 1043 3207 p.
1064 3168 1113 3198 ΤΞ.
1132 3171 1208 3198 note
1230 3166 1279 3196 10,
1351 3165 1444 3197 Rolls
1463 3166 1584 3198 Series.
1604 3166 1666 3197 vol.
1686 3176 1714 3196 v.
1734 3176 1764 3205 p.
1784 3167 1855 3197 719.
