2421 3529
467 251 526 295 65
722 259 1028 293 sELECTIoNs
1064 257 1203 291 FRoM
1240 257 1342 290 THE
1378 255 1569 290 FoREsT
1607 253 1742 288 EYRE
1779 253 1939 287 ROLLS

1208 518 1287 559 ix.
1321 515 1421 572 (b).1

470 646 717 688 PLACITA
732 643 998 686 FORESTE
1017 643 1095 683 DE
1117 641 1447 685 SHIREWOD'
1461 640 1654 682 TENTA
1668 640 1824 682 APUD
1840 638 2195 682 NOTINGHAM

558 715 660 756 DIE
696 713 888 755 LUNE2
920 711 1184 753 PROXIMA
1226 710 1368 752 POST
1412 710 1655 752 FESTUM
1700 709 1905 751 SANCTI
1948 708 2197 751 GEORGII

559 784 715 825 ANNO
748 782 935 824 REGNI
966 780 1147 823 REGIS
1179 779 1461 821 EDWARDI
1500 778 1698 821 TERCII
1731 778 1873 820 POST
1908 777 2196 828 CONQUES-

561 853 687 895 TUM
720 851 946 894 OCTAUO
980 849 1178 892 GORAM
1210 849 1487 890 RADULFO
1529 848 1607 888 DE
1654 847 1909 896 NEUILL',
1943 846 2198 888 RICARDO

563 922 641 963 DE
691 919 1076 961 ALDEBURGH’
1123 918 1199 958 ET
1247 917 1438 959 PETRO
1482 917 1560 957 DE
1609 915 1975 957 MIDDLETON’
2021 915 2198 957 IUSTI-

564 990 780 1033 CIARIIS
828 988 1042 1031 DOMINI
1088 987 1269 1029 REGIS
1322 985 1788 1028 ITINERANTIBUS
1832 986 1909 1026 AD
1954 984 2201 1027 PLACITA

566 1059 834 1103 FORESTE
900 1058 1016 1099 PER
1077 1056 1412 1098 MANDATUM
1465 1056 1680 1098 DOMINI
1732 1055 1912 1098 REGIS
1965 1055 2026 1096 IN
2079 1053 2200 1096 HEC

564 1128 761 1170 VERBA
782 1143 851 1167 2—-

566 1251 811 1293 Edwardus
847 1249 915 1291 dei
948 1249 1095 1302 gracia
1131 1263 1204 1290 rex
1236 1249 1363 1302 Angl'
1404 1247 1607 1290 dominus
1639 1247 1822 1289 Hi-bern'
1858 1250 1900 1289 et
1937 1247 2023 1289 dux
2056 1246 2202 1300 Aquit’

479 1320 828 1374 archiepiscopis,
867 1317 1091 1372 episcopis,
1127 1317 1372 1366 abbatibus,
1406 1317 1637 1371 prioribus,
1672 1317 1918 1367 comitibus,
1952 1316 2202 1365 baronibus,

479 1390 705 1438 militibus,
760 1386 1013 1435 forestariis,
1067 1385 1300 1435 viridariis,
1353 1386 1680 1439 agistatoribus,
1744 1385 2099 1439 regardatoribus
2161 1386 2204 1426 et

478 1460 681 1501 omnibus
705 1457 801 1500 aliis
824 1457 875 1498 de
898 1456 1109 1498 comitatu
1141 1455 1409 1508 Notingham
1443 1455 1644 1496 salutem.
1710 1455 1868 1498 Sciatis
1900 1455 2011 1508 quod
2045 1454 2204 1496 consti-

479 1529 645 1571 tuimus
668 1528 846 1569 dilectos
870 1528 911 1567 et
934 1525 1081 1566 fideles
1105 1527 1278 1567 nostros
1301 1525 1540 1566 Radulfum
1574 1525 1625 1565 de
1649 1524 1804 1565 Neuill'
1829 1526 1871 1566 et
1894 1524 2131 1565 Ricardum
2153 1523 2205 1564 de

479 1596 744 1647 Aldeburgh'
769 1598 810 1637 et
834 1596 1015 1636 Petrum
1039 1594 1090 1635 de
1106 1594 1361 1635 Middelton’
1386 1596 1427 1635 et
1451 1593 1559 1635 duos
1582 1607 1732 1635 eorum
1755 1593 2018 1635 iusticiarios
2033 1594 2206 1634 nostros

479 1670 534 1710 ad
566 1667 865 1709 itinerandum
903 1665 985 1706 hac
1027 1664 1119 1705 vice
1161 1664 1216 1705 ad
1257 1663 1418 1718 placita
1461 1663 1617 1705 foreste
1659 1663 1705 1704 in
1747 1663 1958 1705 comitatu
1999 1663 2206 1717 predicto.

479 1739 539 1780 Et
581 1736 676 1778 ideo
708 1734 829 1776 vobis
870 1733 1136 1775 mandamus
1169 1732 1283 1786 quod
1321 1732 1461 1773 eidem
1499 1732 1700 1783 Radulfo‚
1734 1732 1934 1782 RicardQ
1968 1732 2097 1773 Petro
2139 1731 2208 1772 uel

481 1807 650 1849 duobus
673 1818 824 1847 eorum
847 1805 1061 1856 tanquam
1096 1801 1350 1843 iusticiariis
1388 1801 1550 1843 nostris
1585 1802 1639 1843 ad
1674 1801 1835 1855 placita
1866 1802 2025 1843 foreste
2047 1800 2208 1842 ibidem

480 1878 526 1918 in
548 1875 753 1918 omnibus
776 1887 858 1927 que
881 1873 936 1915 ad
970 1872 1132 1926 placita
1165 1871 1240 1913 illa
1276 1871 1498 1925 pertinent
1532 1871 1812 1913 intendentes
1847 1870 1943 1912 sitis
1966 1872 2009 1912 et
2030 1884 2208 1924 respon-

482 1947 634 1988 dentes
667 1944 779 1986 sicut
801 1943 847 1984 in
870 1942 967 1984 aliis
990 1941 1221 1982 itineribus
1244 1941 1298 1982 ad
1330 1940 1491 1993 placita
1523 1940 1682 1982 foreste
1714 1939 1759 1980 in
1782 1939 1995 1982 comitatu
2016 1938 2210 1993 predicto

482 2015 577 2057 fieri
619 2012 863 2055 consueuit.
926 2012 978 2052 In
1015 2010 1140 2052 cuius
1175 2009 1238 2052 rei
1271 2009 1577 2051 testimonium
1611 2010 1692 2051 has
1729 2009 1879 2051 literas
1913 2011 2087 2050 nostras
2116 2007 2211 2049 fieri

483 2084 666 2127 fecimus
688 2084 905 2136 patentes.

573 2153 699 2194 Teste
731 2165 800 2192 me
837 2150 931 2204 ipso
954 2149 1071 2203 apud
1093 2148 1226 2190 Ebor'
1259 2147 1478 2190 secundo3
1501 2147 1568 2189 die
1591 2147 1746 2189 Marcii
1769 2161 1885 2189 anno
1919 2147 2040 2201 regni
2072 2146 2212 2188 nostri

482 2225 652 2265 octauo.

576 2384 590 2406 ⁴
607 2383 916 2423 Presentatum
939 2381 1004 2442 est
1027 2381 1068 2421 et
1087 2379 1338 2420 conuictum
1362 2393 1437 2432 per
1460 2378 1633 2420 eosdem
1650 2378 1763 2431 quod
1777 2378 1908 2431 Hugo
1923 2377 1974 2418 de
1988 2376 2214 2420 Wotehale

490 2454 541 2495 de
554 2450 863 2503 Wodeburgh',
879 2448 1124 2491 Willelmus
1142 2447 1334 2502 Hyend',
1349 2447 1558 2490 Wilkock’
1576 2447 1796 2500 quondam
1815 2446 2010 2487 seruiens
2032 2459 2214 2499 persone

491 2523 542 2564 de
566 2521 741 2564 CIifton’
767 2521 808 2560 et
834 2518 1086 2572 Stephanus
1116 2517 1346 2570 Flemyng'
1371 2516 1423 2557 de
1445 2516 1716 2570 Notingham
1746 2516 1842 2557 die⁵
1876 2515 1995 2557 Iouis
2018 2514 2215 2568 proxima

491 2593 588 2645 post
612 2590 772 2631 festum
807 2587 950 2629 sancti
972 2585 1178 2629 WilIelmi
1213 2585 1527 2639 archiepiscopi
1562 2599 1679 2627 anno
1713 2585 1837 2639 regni
1873 2583 1986 2637 regis
2008 2582 2215 2625 Edwardi

492 2661 571 2702 filii
592 2658 706 2712 regis
728 2656 934 2698 Edwardi
957 2655 1124 2697 decimo
1153 2657 1308 2697 octauo
1341 2656 1519 2697 fuerunt
1551 2655 1596 2695 in
1628 2655 1756 2697 bosco
1789 2654 1840 2695 de
1872 2654 2033 2695 Arnale
2055 2652 2101 2694 in
2123 2652 2215 2694 loco

493 2729 567 2783 qui
590 2728 747 2769 dicitur
771 2726 978 2779 Throwys
1014 2738 1114 2766 cum
1149 2725 1336 2766 arcubus
1371 2726 1414 2765 et
1452 2723 1652 2776 sagittis;
1687 2726 1729 2765 et
1766 2723 2056 2764 bersauerunt
2077 2734 2215 2762 vnum

493 2811 687 2846 ceruum,
711 2795 824 2837 vnde
858 2793 1013 2836 habuit
1048 2796 1264 2843 mortem3
1300 2796 1342 2835 et
1375 2807 1528 2835 carnes
1562 2792 1742 2833 inuento
1778 2792 1957 2832 fuerunt
1977 2790 2150 2844 putride
2174 2792 2216 2832 et

492 2882 568 2922 per
585 2879 754 2909 vermes
777 2864 983 2906 deuorato
998 2863 1043 2904 in
1058 2863 1150 2904 loco
1167 2862 1241 2916 qui
1258 2862 1417 2904 dicitur
1436 2861 1740 2916 Thweycehilli
1760 2877 1769 2911 ;
1793 2863 1835 2902 et
1854 2860 2014 2914 sagitta
2032 2860 2216 2900 inuenta

495 2937 577 2977 fuit
599 2935 645 2976 in
669 2934 782 2975 dicto
804 2946 931 2974 ccruo
947 2932 1059 2973 vnde
1082 2931 1164 2972 fuit
1186 2931 1401 2973 bersatus.
1453 2931 1514 2972 Et
1536 2930 1758 2984 predictus
1781 2930 1911 2983 Hugo
1928 2928 2047 2970 venit
2069 2941 2215 2969 coram

495 3002 747 3047 insticiariis
780 3003 822 3043 et
858 3001 1069 3042 liberatur
1104 2999 1292 3053 prisone.
1353 3000 1413 3041 Et
1436 2999 1620 3054 predicti
1652 2999 1895 3042 Willelmus
1930 2999 1972 3039 et
2006 2995 2214 3038 Wilkock'

542 3105 548 3121 ¹
577 3103 693 3133 Forest
726 3099 959 3139 Procoedinqs,
987 3098 1157 3136 Treasurgs
1188 3098 1226 3137 of
1255 3098 1316 3128 Re·
1431 3098 1441 3114 ⁷³
1466 3099 1484 3127 ⁴2
1503 3096 1619 3128 March
1640 3096 1734 3137 133}
1956 3095 1966 3112 ⁴
1991 3094 2114 3126 R0115.

493 3147 590 3187 ceipt,
609 3146 672 3177 No.
692 3145 764 3174 132.
1016 3143 1027 3159 '²
1051 3143 1091 3171 25
1110 3141 1204 3180 April
1224 3142 1317 3171 1334.
1697 3143 1707 3158 ⁵
1735 3141 1774 3170 13
1792 3140 1881 3170 June
1900 3139 1996 3170 1325.
