2421 3529
478 222 537 266 41
736 229 1041 265 ΞΕΙΈΓΤΙΟΝΞ
1077 229 1216 263 FROM
1253 228 1354 263 THE
1392 229 1581 262 FoREST
1618 229 1755 263 EYRE
1792 229 1952 264 ROLLS

564 344 873 385 Presentatum
896 344 961 384 est
983 344 1063 383 etc.
1083 341 1195 395 quod
1214 340 1504 394 Reginaldus1
1524 341 1576 382 de
1595 340 1710 395 Grey
1731 355 1830 382 cum
1848 341 1945 382 aliis
1964 341 2015 382 de
2033 339 2202 382 familia

476 415 519 455 et
542 413 749 455 societate
773 427 852 454 sua
875 411 1062 453 intrauit
1084 424 1265 464 parcum
1289 410 1534 464 predictum
1557 411 1753 463 tempore
1783 423 1867 463 quo
1898 409 2014 451 idem
2044 409 2202 451 habuit

476 482 721 523 custodiam
744 480 938 522 eiusdem
967 479 1087 533 parci
1119 480 1161 520 et
1194 478 1366 531 fugauit
1399 477 1444 518 in
1481 477 1631 518 eodem
1669 491 1747 531 pro
1780 477 2006 519 voluntate
2044 491 2123 519 sua
2160 479 2202 518 et

475 550 589 603 cepit
611 549 802 603 quinque
826 549 940 589 feras
961 548 1016 589 ad
1038 547 1199 595 minus,
1224 546 1447 587 cuniculos
1469 545 1607 587 eciam
1631 547 1672 587 et
1695 546 1862 599 lepores
1884 548 1978 588 tam
2005 546 2050 587 in
2073 559 2202 599 parco

475 632 608 672 quam
631 617 677 658 in
699 630 918 666 warenna,
946 615 1060 657 vnde
1092 617 1236 656 certus
1269 628 1481 655 numerus
1519 628 1608 655 non
1642 614 1787 667 potuit
1821 614 1998 668 inquiri.
2061 615 2125 655 De
2154 627 2203 655 eo

402 702 415 720 e
477 700 624 728 coram
647 700 746 739 rege
769 685 872 739 quia
895 685 1014 725 baro,

562 756 871 796 Presentatum
893 755 974 795 etc.
999 752 1113 806 quod
1135 752 1266 805 Hugo
1288 751 1404 793 filius
1428 753 1469 793 et
1488 754 1780 806 manupastus
1798 751 2000 805 Hugonie
2016 751 2203 805 Gobyun

473 827 710 866 consuetus
733 826 798 865 est
821 823 988 865 intrare
1010 836 1263 863 warennam
1280 822 1522 875 predictam
1538 835 1635 862 cum
1652 821 1879 875 leporariis
1898 820 1991 862 suis
2008 823 2203 873 tempore

472 893 680 935 Willelmi
695 895 709 917 ‘²
730 892 900 934 Dachet
923 893 965 932 et
988 891 1101 944 cepit
1118 904 1194 944 per
1212 890 1325 931 vices
1344 892 1433 931 tres
1455 890 1622 942 lepores
1645 890 1700 930 ad
1722 889 1870 931 minus
1893 892 1935 931 et
1958 887 2203 942 asportauit

473 960 567 1002 sine
590 963 795 1002 warento.
858 960 918 1001 Et
940 973 1029 1000 non
1051 958 1172 1000 venit
1195 972 1273 999 nec
1297 958 1381 999 fuit
1405 958 1676 1000 attachiatus
1697 973 1705 1006 3
1741 958 1836 1000 ideo
1858 959 2115 1011 preceptum
2138 959 2202 997 est

473 1029 647 1071 balliuis
688 1028 816 1082 burgi
859 1028 1088 1069 Norbamt’
1124 1027 1237 1080 quod
1279 1026 1545 1080 distringant
1577 1026 1823 1080 predictum
1855 1027 2090 1079 Hugonem
2126 1038 2202 1078 per

473 1098 621 1140 omnia
644 1098 803 1140 catalla
826 1096 972 1138 suain
994 1096 1158 1137 balliua
1191 1110 1271 1137 sua
1303 1096 1486 1137 inuenta
1518 1095 1580 1137 ita
1612 1095 1727 1148 quod
1757 1095 1917 1137 habeat
1954 1097 2071 1136 recto
2107 1107 2203 1147 pre-

474 1167 640 1208 dictum
664 1168 899 1220 Hugonem
922 1165 1062 1206 filium
1086 1178 1216 1206 suum
1241 1178 1387 1206 coram
1411 1163 1662 1206 iusticiariis
1685 1164 1802 1218 apud
1825 1163 2132 1217 Huntingdon'
2157 1162 2202 1203 in

475 1236 667 1278 crastino
682 1236 696 1258 ³
718 1235 861 1278 sancti
883 1233 1077 1277 Hillarii.

1250 1505 1311 1547 VI
1337 1507 1394 1556 (a)
1405 1506 1433 1546 .⁴

475 1634 725 1677 PLACITA
764 1632 1033 1675 FORESTE
1067 1631 1127 1672 IN
1169 1630 1467 1673 COMITATU
1513 1628 1763 1672 SUMERS‘
1794 1628 1855 1669 IN
1892 1628 2204 1670 CRASTINO⁵

564 1703 785 1746 SANCTE
848 1701 1148 1742 KATERINE
1203 1699 1359 1741 ANNO
1412 1697 1877 1751 QUADRAGESIMO
1933 1697 2204 1740 SECUNDO

563 1771 762 1814 CORAM
780 1769 1104 1814 WILLELMO
1122 1768 1352 1810 BRITON·
1371 1768 1447 1808 ET
1469 1767 1654 1810 SOCHS
1681 1767 1810 1809 SUIS
1826 1766 1885 1808 IU
1895 1766 2203 1808 STICIARHS

564 1839 1026 1881 ITINERANTIBUS
1088 1838 1165 1879 AD
1228 1837 1476 1879 PLACITA
1537 1836 1805 1879 FORESTE
1871 1835 1931 1876 IN
1993 1835 2205 1876 EODEM

567 1908 880 1951 COMITATU.

892 2046 1092 2081 ⁵P1a01ta
1116 2046 1173 2080 de
1198 2053 1412 2079 warenna
1437 2044 1493 2078 de
1519 2043 1787 2078 Sumerton’.

567 2138 875 2177 Presentatum
905 2134 1008 2190 [est]
1035 2148 1110 2187 per
1146 2133 1401 2186 Philippum
1424 2133 1463 2173 le
1487 2132 1702 2174 Cheualer
1739 2131 1782 2185 (ij
1818 2135 1852 2182 S)
1889 2133 1931 2172 et
1964 2131 2204 2172 Robertum

481 2209 617 2261 Seynt
651 2206 746 2247 Cler
781 2203 979 2254 (dimidia
1011 2207 1193 2252 marca),
1216 2202 1461 2250 viridarios,
1485 2201 1598 2254 quod
1622 2201 1689 2241 die
1704 2201 1718 2225 ⁷
1740 2201 1865 2241 Lune
1887 2201 2085 2253 proxima
2107 2204 2205 2253 post

479 2275 769 2317 Natiuitatem
793 2273 918 2314 beate
941 2271 1079 2312 Marie
1102 2285 1219 2312 anno
1242 2270 1462 2311 tricesimo
1478 2271 1597 2310 sexto
1614 2269 1864 2310 Hunfridus
1882 2270 2012 2310 homo
2030 2269 2206 2310 Ricardi

480 2342 532 2383 de
570 2341 743 2382 Ortiaco
781 2337 938 2379 occidit
980 2350 1116 2378 vnum
1155 2336 1336 2377 damum
1378 2335 1424 2375 in
1459 2335 1575 2376 dicta
1613 2348 1818 2376 warenna
1860 2337 1902 2376 et
1944 2335 2205 2388 asportauit.

481 2410 636 2450 Dictus
658 2407 909 2448 Hunfridus
933 2408 1135 2446 mortuus
1158 2407 1223 2446 est
1246 2407 1287 2445 et
1311 2404 1557 2445 essoniatus
1580 2404 1632 2444 de
1664 2406 1825 2452 morte;
1859 2403 1955 2445 ideo
1986 2403 2123 2444 nichil
2155 2403 2206 2444 de

482 2493 545 2520 eo.
607 2478 667 2518 Et
690 2477 792 2530 quia
813 2475 960 2517 villate
983 2474 1034 2515 de
1055 2473 1304 2516 Sumerton’
1334 2477 1401 2523 (xx
1424 2476 1475 2523 s),
1500 2472 1765 2525 Kingesdon'
1796 2473 1948 2523 (alibi),
1972 2473 2207 2525 Petteneye

487 2546 685 2597 (dimidia
706 2548 868 2593 marca)
896 2544 938 2584 et
962 2542 1111 2584 Cnolle
1137 2541 1197 2594 (iij
1224 2544 1259 2592 s)
1295 2555 1384 2582 non
1416 2543 1631 2582 venerunt
1663 2541 1859 2594 plenarie
1890 2545 1998 2590 etc.;
2033 2541 2128 2582 ideo
2161 2540 2206 2580 in

420 2630 441 2652 ἃ
483 2613 793 2656 misericordia.

572 2683 880 2724 Presentatum
903 2681 969 2721 est
991 2693 1066 2732 per
1082 2678 1255 2720 eosdem
1270 2680 1312 2719 et
1327 2677 1579 2719 conuictum
1595 2677 1709 2730 quod
1728 2678 1819 2719 die⁸
1836 2678 1993 2719 Martis
2010 2677 2207 2731 proxima

484 2754 582 2807 post
616 2752 775 2792 festum
808 2748 949 2790 sancti
980 2748 1151 2788 Andree
1183 2746 1368 2800 apostoli
1401 2760 1519 2788 anno
1553 2745 1885 2799 quadragesimo
1921 2745 2132 2787 Ricardus
2169 2746 2208 2786 16

533 2846 538 2862 ¹
565 2842 638 2873 The
655 2840 895 2881 appointment
908 2839 942 2869 of
958 2837 1112 2877 Reynold
1127 2836 1166 2867 de
1183 2837 1272 2877 Grey
1283 2837 1312 2868 is
1427 2838 1438 2854 ⁴
1461 2836 1821 2877 ForestProceediqu,
1835 2837 2005 2877 Treasury
2014 2837 2051 2877 of
2059 2836 2206 2876 Βεσρίρέ,

487 2891 547 2918 not,
565 2884 716 2916 enrolled
733 2894 777 2914 on
794 2883 853 2914 the
870 2883 993 2913 Patent
1010 2881 1116 2911 Rolls.
1381 2880 1443 2910 No.
1463 2881 1535 2910 152.

531 2932 542 2948 '²
565 2928 719 2959 William
741 2926 874 2957 Dachet
891 2935 959 2956 was
976 2924 1161 2964 appointed
1178 2923 1312 2955 warden
1425 2925 1436 2941 ⁵
1462 2922 1620 2962 Monday,
1638 2923 1679 2954 26
1696 2923 1887 2953 November
1906 2924 2001 2954 1257.

486 2975 520 3004 of
544 2973 603 3004 the
619 2971 703 3012 park
720 2970 788 3001 and
802 2979 929 3000 warren
947 2969 981 2999 of
999 2968 1252 3006 Northampton
1270 2967 1313 3006 by
1427 2969 1438 2984 ⁶
1460 2966 1537 2997 Roll
1554 2967 1584 3001 5,
1601 2966 1637 2996 in
1654 2966 1764 2996 dorso.

486 3018 602 3048 letters
631 3016 750 3055 patent
768 3013 869 3044 dated
887 3014 928 3043 28
946 3013 1076 3050 August
1106 3013 1200 3043 1271.
1250 3011 1311 3042 See
1426 3012 1435 3027 ⁷
1461 3011 1480 3041 9
1499 3009 1696 3049 September
1715 3010 1808 3039 1252.

486 3061 609 3091 Patent
626 3058 701 3088 Roll
719 3058 770 3093 88,
788 3056 910 3087 memb.
929 3058 958 3086 5.
1425 3055 1435 3070 ⁹⁵
1460 3055 1476 3086 7
1497 3053 1681 3084 December
1696 3055 1790 3083 1255.

530 3105 541 3121 ³
567 3104 606 3133 14
625 3102 777 3141 January
796 3099 891 3141 127}
