<?xml version="1.0" encoding="UTF-8"?>
<!DOCTYPE html PUBLIC "-//W3C//DTD XHTML 1.0 Transitional//EN"
    "http://www.w3.org/TR/xhtml1/DTD/xhtml1-transitional.dtd">
<html xmlns="http://www.w3.org/1999/xhtml" xml:lang="en" lang="en">
 <head>
  <title>
</title>
<meta http-equiv="Content-Type" content="text/html;charset=utf-8" />
  <meta name='ocr-system' content='tesseract 3.04.00' />
  <meta name='ocr-capabilities' content='ocr_page ocr_carea ocr_par ocr_line ocrx_word'/>
</head>
<body>
  <div class='ocr_page' id='page_1' title='image "./selectpleasoffor00grearich_0320.png"; bbox 0 0 2421 3529; ppageno 0'>
   <div class='ocr_carea' id='block_1_1' title="bbox 517 288 1784 336">
    <p class='ocr_par' dir='ltr' id='par_1_1' title="bbox 517 288 1784 336">
     <span class='ocr_line' id='line_1_1' title="bbox 517 288 1784 336; baseline -0.005 -3"><span class='ocrx_word' id='word_1_1' title='bbox 517 288 575 333; x_wconf 74' lang='grc'>86</span> <span class='ocrx_word' id='word_1_2' title='bbox 987 295 1174 330; x_wconf 83' lang='lat' dir='ltr'>SELECT</span> <span class='ocrx_word' id='word_1_3' title='bbox 1208 293 1399 330; x_wconf 78' lang='lat' dir='ltr'>FOREsT</span> <span class='ocrx_word' id='word_1_4' title='bbox 1435 292 1784 336; x_wconf 81' lang='lat' dir='ltr'><strong>INQUISITIONS</strong></span> 
     </span>
    </p>
   </div>
   <div class='ocr_carea' id='block_1_2' title="bbox 515 404 2242 602">
    <p class='ocr_par' dir='ltr' id='par_1_2' title="bbox 515 404 2242 602">
     <span class='ocr_line' id='line_1_2' title="bbox 602 404 2240 464; baseline -0.004 -12"><span class='ocrx_word' id='word_1_5' title='bbox 602 409 740 464; x_wconf 85' lang='lat' dir='ltr'>Plegii</span> <span class='ocrx_word' id='word_1_6' title='bbox 780 408 963 453; x_wconf 88' lang='lat' dir='ltr'>Walteri</span> <span class='ocrx_word' id='word_1_7' title='bbox 1011 408 1091 450; x_wconf 88' lang='lat' dir='ltr'>filii</span> <span class='ocrx_word' id='word_1_8' title='bbox 1125 407 1328 450; x_wconf 87' lang='lat' dir='ltr'>Geruasii</span> <span class='ocrx_word' id='word_1_9' title='bbox 1376 421 1454 461; x_wconf 90' lang='lat' dir='ltr'>pro</span> <span class='ocrx_word' id='word_1_10' title='bbox 1500 404 2001 461; x_wconf 80' lang='lat' dir='ltr'>suspeccionez—Hugo</span> <span class='ocrx_word' id='word_1_11' title='bbox 2047 405 2240 455; x_wconf 87' lang='lat' dir='ltr'>Pinctor,</span> 
     </span>
     <span class='ocr_line' id='line_1_3' title="bbox 515 474 2242 528; baseline -0.005 -5"><span class='ocrx_word' id='word_1_12' title='bbox 515 480 735 523; x_wconf 87' lang='lat' dir='ltr'>Henricus</span> <span class='ocrx_word' id='word_1_13' title='bbox 768 479 818 520; x_wconf 81' lang='lat' dir='ltr'>(le</span> <span class='ocrx_word' id='word_1_14' title='bbox 856 478 1048 528; x_wconf 81' lang='lat' dir='ltr'>Sutton’‚</span> <span class='ocrx_word' id='word_1_15' title='bbox 1092 477 1309 519; x_wconf 81' lang='lat' dir='ltr'>Radulfus</span> <span class='ocrx_word' id='word_1_16' title='bbox 1346 477 1537 526; x_wconf 86' lang='lat' dir='ltr'>Pinctor,</span> <span class='ocrx_word' id='word_1_17' title='bbox 1580 476 1721 517; x_wconf 86' lang='lat' dir='ltr'>Adam</span> <span class='ocrx_word' id='word_1_18' title='bbox 1759 475 1811 516; x_wconf 81' lang='lat' dir='ltr'>de</span> <span class='ocrx_word' id='word_1_19' title='bbox 1843 474 1986 527; x_wconf 83' lang='lat' dir='ltr'>Yslep,</span> <span class='ocrx_word' id='word_1_20' title='bbox 2022 474 2242 516; x_wconf 83' lang='lat' dir='ltr'>Iohannes</span> 
     </span>
     <span class='ocr_line' id='line_1_4' title="bbox 517 547 883 602; baseline -0.011 -10"><span class='ocrx_word' id='word_1_21' title='bbox 517 550 634 592; x_wconf 90' lang='lat' dir='ltr'>filius</span> <span class='ocrx_word' id='word_1_22' title='bbox 657 547 883 602; x_wconf 78' lang='lat' dir='ltr'>Godwyni.</span> 
     </span>
    </p>
   </div>
   <div class='ocr_carea' id='block_1_3' title="bbox 517 711 2250 1530">
    <p class='ocr_par' dir='ltr' id='par_1_3' title="bbox 517 711 2248 1119">
     <span class='ocr_line' id='line_1_5' title="bbox 608 711 2244 770; baseline -0.005 -11"><span class='ocrx_word' id='word_1_23' title='bbox 608 719 761 759; x_wconf 88' lang='lat' dir='ltr'>lAnno</span> <span class='ocrx_word' id='word_1_24' title='bbox 793 715 1014 758; x_wconf 87' lang='lat' dir='ltr'>tricesimo</span> <span class='ocrx_word' id='word_1_25' title='bbox 1045 715 1201 770; x_wconf 90' lang='lat' dir='ltr'>primo.</span> <span class='ocrx_word' id='word_1_26' title='bbox 1263 713 1431 756; x_wconf 85' lang='lat' dir='ltr'>Accidit</span> <span class='ocrx_word' id='word_1_27' title='bbox 1466 713 1564 755; x_wconf 83' lang='lat' dir='ltr'>die2</span> <span class='ocrx_word' id='word_1_28' title='bbox 1595 713 1720 754; x_wconf 87' lang='lat' dir='ltr'>Lune</span> <span class='ocrx_word' id='word_1_29' title='bbox 1741 711 1940 766; x_wconf 76' lang='lat' dir='ltr'>proxima</span> <span class='ocrx_word' id='word_1_30' title='bbox 1961 713 2060 765; x_wconf 84' lang='lat' dir='ltr'>post</span> <span class='ocrx_word' id='word_1_31' title='bbox 2082 712 2244 752; x_wconf 89' lang='lat' dir='ltr'>festum</span> 
     </span>
     <span class='ocr_line' id='line_1_6' title="bbox 517 779 2244 837; baseline -0.006 -8"><span class='ocrx_word' id='word_1_32' title='bbox 517 790 667 830; x_wconf 91' lang='lat' dir='ltr'>sancte</span> <span class='ocrx_word' id='word_1_33' title='bbox 704 785 934 828; x_wconf 74' lang='lat' dir='ltr'>Trinitatis</span> <span class='ocrx_word' id='word_1_34' title='bbox 976 798 1094 827; x_wconf 90' lang='lat' dir='ltr'>anno</span> <span class='ocrx_word' id='word_1_35' title='bbox 1136 783 1357 826; x_wconf 87' lang='lat' dir='ltr'>tricesimo</span> <span class='ocrx_word' id='word_1_36' title='bbox 1398 782 1540 837; x_wconf 85' lang='lat' dir='ltr'>primo</span> <span class='ocrx_word' id='word_1_37' title='bbox 1583 781 1697 835; x_wconf 83' lang='lat' dir='ltr'>quod</span> <span class='ocrx_word' id='word_1_38' title='bbox 1739 782 1892 823; x_wconf 87' lang='lat' dir='ltr'>datum</span> <span class='ocrx_word' id='word_1_39' title='bbox 1934 780 2018 822; x_wconf 92' lang='lat' dir='ltr'>fuit</span> <span class='ocrx_word' id='word_1_40' title='bbox 2059 779 2244 833; x_wconf 74' lang='lat' dir='ltr'>intelligi</span> 
     </span>
     <span class='ocr_line' id='line_1_7' title="bbox 517 849 2246 907; baseline -0.005 -8"><span class='ocrx_word' id='word_1_41' title='bbox 517 856 758 899; x_wconf 76' lang='lat' dir='ltr'>forestariis</span> <span class='ocrx_word' id='word_1_42' title='bbox 781 856 832 897; x_wconf 78' lang='lat' dir='ltr'>(le</span> <span class='ocrx_word' id='word_1_43' title='bbox 853 855 1019 897; x_wconf 88' lang='lat' dir='ltr'>balliua</span> <span class='ocrx_word' id='word_1_44' title='bbox 1050 854 1102 896; x_wconf 89' lang='lat' dir='ltr'>de</span> <span class='ocrx_word' id='word_1_45' title='bbox 1134 853 1413 907; x_wconf 81' lang='lat' dir='ltr'>Rokingham</span> <span class='ocrx_word' id='word_1_46' title='bbox 1448 852 1562 907; x_wconf 84' lang='lat' dir='ltr'>quod</span> <span class='ocrx_word' id='word_1_47' title='bbox 1593 865 1680 894; x_wconf 88' lang='lat' dir='ltr'>vna</span> <span class='ocrx_word' id='word_1_48' title='bbox 1713 850 1831 893; x_wconf 89' lang='lat' dir='ltr'>bissa</span> <span class='ocrx_word' id='word_1_49' title='bbox 1863 852 1991 903; x_wconf 89' lang='lat' dir='ltr'>capta</span> <span class='ocrx_word' id='word_1_50' title='bbox 2022 849 2105 891; x_wconf 87' lang='lat' dir='ltr'>fuit</span> <span class='ocrx_word' id='word_1_51' title='bbox 2128 849 2246 903; x_wconf 87' lang='lat' dir='ltr'>apud</span> 
     </span>
     <span class='ocr_line' id='line_1_8' title="bbox 517 919 2247 978; baseline -0.005 -9"><span class='ocrx_word' id='word_1_52' title='bbox 517 928 557 969; x_wconf 92' lang='lat' dir='ltr'>le</span> <span class='ocrx_word' id='word_1_53' title='bbox 593 925 876 978; x_wconf 78' lang='lat' dir='ltr'>Risenebrige</span> <span class='ocrx_word' id='word_1_54' title='bbox 911 938 988 978; x_wconf 85' lang='lat' dir='ltr'>per</span> <span class='ocrx_word' id='word_1_55' title='bbox 1025 923 1278 978; x_wconf 85' lang='lat' dir='ltr'>leporarios.</span> <span class='ocrx_word' id='word_1_56' title='bbox 1352 923 1413 964; x_wconf 89' lang='lat' dir='ltr'>Et</span> <span class='ocrx_word' id='word_1_57' title='bbox 1456 935 1584 975; x_wconf 90' lang='lat' dir='ltr'>super</span> <span class='ocrx_word' id='word_1_58' title='bbox 1626 921 1707 963; x_wconf 87' lang='lat' dir='ltr'>hoc</span> <span class='ocrx_word' id='word_1_59' title='bbox 1744 921 1859 962; x_wconf 87' lang='lat' dir='ltr'>facta</span> <span class='ocrx_word' id='word_1_60' title='bbox 1895 919 1980 962; x_wconf 83' lang='lat' dir='ltr'>fuit</span> <span class='ocrx_word' id='word_1_61' title='bbox 2016 919 2247 973; x_wconf 84' lang='lat' dir='ltr'>inquisicio</span> 
     </span>
     <span class='ocr_line' id='line_1_9' title="bbox 519 988 2248 1047; baseline -0.005 -9"><span class='ocrx_word' id='word_1_62' title='bbox 519 1011 667 1038; x_wconf 87' lang='lat' dir='ltr'>coram</span> <span class='ocrx_word' id='word_1_63' title='bbox 704 995 925 1038; x_wconf 82' lang='lat' dir='ltr'>viridariis</span> <span class='ocrx_word' id='word_1_64' title='bbox 967 996 1009 1036; x_wconf 90' lang='lat' dir='ltr'>et</span> <span class='ocrx_word' id='word_1_65' title='bbox 1051 993 1295 1035; x_wconf 78' lang='lat' dir='ltr'>forestariis</span> <span class='ocrx_word' id='word_1_66' title='bbox 1332 1007 1408 1047; x_wconf 89' lang='lat' dir='ltr'>per</span> <span class='ocrx_word' id='word_1_67' title='bbox 1451 995 1639 1046; x_wconf 88' lang='lat' dir='ltr'>quatuor</span> <span class='ocrx_word' id='word_1_68' title='bbox 1682 991 1858 1032; x_wconf 88' lang='lat' dir='ltr'>uillatas</span> <span class='ocrx_word' id='word_1_69' title='bbox 1899 988 2248 1044; x_wconf 81' lang='lat' dir='ltr'>propinquioreS,</span> 
     </span>
     <span class='ocr_line' id='line_1_10' title="bbox 519 1059 1838 1119; baseline -0.006 -11"><span class='ocrx_word' id='word_1_70' title='bbox 519 1065 695 1116; x_wconf 89' lang='lat' dir='ltr'>scilicet,</span> <span class='ocrx_word' id='word_1_71' title='bbox 719 1063 988 1119; x_wconf 79' lang='lat' dir='ltr'>Geytinton&#39;,</span> <span class='ocrx_word' id='word_1_72' title='bbox 1013 1063 1227 1112; x_wconf 87' lang='lat' dir='ltr'>Neutone‚</span> <span class='ocrx_word' id='word_1_73' title='bbox 1255 1062 1483 1111; x_wconf 82' lang='lat' dir='ltr'>Stanerne,</span> <span class='ocrx_word' id='word_1_74' title='bbox 1507 1061 1699 1102; x_wconf 89' lang='lat' dir='ltr'>Paruam</span> <span class='ocrx_word' id='word_1_75' title='bbox 1721 1059 1838 1101; x_wconf 88' lang='lat' dir='ltr'>Acle.</span> 
     </span>
    </p>

    <p class='ocr_par' dir='ltr' id='par_1_4' title="bbox 520 1126 2250 1326">
     <span class='ocr_line' id='line_1_11' title="bbox 608 1126 2250 1189; baseline -0.006 -11"><span class='ocrx_word' id='word_1_76' title='bbox 608 1134 877 1189; x_wconf 85' lang='lat' dir='ltr'>Geytintone</span> <span class='ocrx_word' id='word_1_77' title='bbox 899 1133 1019 1175; x_wconf 81' lang='lat' dir='ltr'>venit</span> <span class='ocrx_word' id='word_1_78' title='bbox 1042 1136 1097 1182; x_wconf 91' lang='lat' dir='ltr'>et,</span> <span class='ocrx_word' id='word_1_79' title='bbox 1123 1132 1284 1182; x_wconf 85' lang='lat' dir='ltr'>iurata,</span> <span class='ocrx_word' id='word_1_80' title='bbox 1309 1131 1413 1173; x_wconf 82' lang='lat' dir='ltr'>(licit</span> <span class='ocrx_word' id='word_1_81' title='bbox 1437 1131 1550 1185; x_wconf 87' lang='lat' dir='ltr'>quod</span> <span class='ocrx_word' id='word_1_82' title='bbox 1572 1130 1710 1171; x_wconf 82' lang='lat' dir='ltr'>nichil</span> <span class='ocrx_word' id='word_1_83' title='bbox 1731 1129 1833 1171; x_wconf 81' lang='lat' dir='ltr'>inde</span> <span class='ocrx_word' id='word_1_84' title='bbox 1856 1128 1936 1170; x_wconf 88' lang='lat' dir='ltr'>scit</span> <span class='ocrx_word' id='word_1_85' title='bbox 1958 1142 2038 1170; x_wconf 89' lang='lat' dir='ltr'>nec</span> <span class='ocrx_word' id='word_1_86' title='bbox 2061 1126 2250 1181; x_wconf 83' lang='lat' dir='ltr'>aliquem</span> 
     </span>
     <span class='ocr_line' id='line_1_12' title="bbox 520 1198 2250 1256; baseline -0.004 -11"><span class='ocrx_word' id='word_1_87' title='bbox 520 1205 653 1246; x_wconf 87' lang='lat' dir='ltr'>habet</span> <span class='ocrx_word' id='word_1_88' title='bbox 687 1205 939 1256; x_wconf 88' lang='lat' dir='ltr'>suspectum</span> <span class='ocrx_word' id='word_1_89' title='bbox 974 1216 1052 1243; x_wconf 88' lang='lat' dir='ltr'>nec</span> <span class='ocrx_word' id='word_1_90' title='bbox 1091 1201 1281 1255; x_wconf 78' lang='lat' dir='ltr'>aliquem</span> <span class='ocrx_word' id='word_1_91' title='bbox 1314 1201 1642 1242; x_wconf 76' lang='lat' dir='ltr'>malefactorem</span> <span class='ocrx_word' id='word_1_92' title='bbox 1675 1199 1820 1241; x_wconf 88' lang='lat' dir='ltr'>sciunt</span> <span class='ocrx_word' id='word_1_93' title='bbox 1864 1213 1958 1241; x_wconf 87' lang='lat' dir='ltr'>esse</span> <span class='ocrx_word' id='word_1_94' title='bbox 1999 1198 2045 1239; x_wconf 88' lang='lat' dir='ltr'>in</span> <span class='ocrx_word' id='word_1_95' title='bbox 2087 1198 2250 1239; x_wconf 86' lang='lat' dir='ltr'>foresta</span> 
     </span>
     <span class='ocr_line' id='line_1_13' title="bbox 520 1272 839 1326; baseline -0.006 -11"><span class='ocrx_word' id='word_1_96' title='bbox 520 1273 688 1315; x_wconf 86' lang='lat' dir='ltr'>domini</span> <span class='ocrx_word' id='word_1_97' title='bbox 710 1272 839 1326; x_wconf 81' lang='lat' dir='ltr'>regis.</span> 
     </span>
    </p>

    <p class='ocr_par' dir='ltr' id='par_1_5' title="bbox 608 1339 1483 1391">
     <span class='ocr_line' id='line_1_14' title="bbox 608 1339 1483 1391; baseline -0.007 -7"><span class='ocrx_word' id='word_1_98' title='bbox 608 1343 646 1384; x_wconf 92' lang='lat' dir='ltr'>N</span> <span class='ocrx_word' id='word_1_99' title='bbox 650 1342 796 1384; x_wconf 90' lang='lat' dir='ltr'>euton’</span> <span class='ocrx_word' id='word_1_100' title='bbox 821 1340 940 1384; x_wconf 84' lang='lat' dir='ltr'>venit</span> <span class='ocrx_word' id='word_1_101' title='bbox 963 1343 1019 1391; x_wconf 90' lang='lat' dir='ltr'>et,</span> <span class='ocrx_word' id='word_1_102' title='bbox 1043 1339 1203 1390; x_wconf 88' lang='lat' dir='ltr'>iurata,</span> <span class='ocrx_word' id='word_1_103' title='bbox 1228 1339 1332 1382; x_wconf 87' lang='lat' dir='ltr'>dicit</span> <span class='ocrx_word' id='word_1_104' title='bbox 1355 1339 1483 1381; x_wconf 87' lang='lat' dir='ltr'>idem.</span> 
     </span>
    </p>

    <p class='ocr_par' dir='ltr' id='par_1_6' title="bbox 611 1408 1514 1461">
     <span class='ocr_line' id='line_1_15' title="bbox 611 1408 1514 1461; baseline -0.004 -7"><span class='ocrx_word' id='word_1_105' title='bbox 611 1412 827 1454; x_wconf 78' lang='lat' dir='ltr'>Stanerne</span> <span class='ocrx_word' id='word_1_106' title='bbox 848 1411 969 1453; x_wconf 87' lang='lat' dir='ltr'>venit</span> <span class='ocrx_word' id='word_1_107' title='bbox 992 1412 1048 1461; x_wconf 80' lang='lat' dir='ltr'>et,</span> <span class='ocrx_word' id='word_1_108' title='bbox 1072 1410 1231 1460; x_wconf 89' lang='lat' dir='ltr'>iurata,</span> <span class='ocrx_word' id='word_1_109' title='bbox 1257 1409 1361 1451; x_wconf 87' lang='lat' dir='ltr'>dicit</span> <span class='ocrx_word' id='word_1_110' title='bbox 1383 1408 1514 1451; x_wconf 88' lang='lat' dir='ltr'>idem.</span> 
     </span>
    </p>

    <p class='ocr_par' dir='ltr' id='par_1_7' title="bbox 608 1478 1559 1530">
     <span class='ocr_line' id='line_1_16' title="bbox 608 1478 1559 1530; baseline -0.005 -6"><span class='ocrx_word' id='word_1_111' title='bbox 608 1483 753 1524; x_wconf 90' lang='lat' dir='ltr'>Parua</span> <span class='ocrx_word' id='word_1_112' title='bbox 774 1481 875 1523; x_wconf 88' lang='lat' dir='ltr'>Acle</span> <span class='ocrx_word' id='word_1_113' title='bbox 898 1480 1018 1523; x_wconf 83' lang='lat' dir='ltr'>venit</span> <span class='ocrx_word' id='word_1_114' title='bbox 1041 1482 1096 1530; x_wconf 88' lang='lat' dir='ltr'>et,</span> <span class='ocrx_word' id='word_1_115' title='bbox 1120 1479 1278 1530; x_wconf 87' lang='lat' dir='ltr'>iurata,</span> <span class='ocrx_word' id='word_1_116' title='bbox 1303 1478 1407 1520; x_wconf 85' lang='lat' dir='ltr'>dicit</span> <span class='ocrx_word' id='word_1_117' title='bbox 1428 1478 1559 1520; x_wconf 88' lang='lat' dir='ltr'>idem.</span> 
     </span>
    </p>
   </div>
   <div class='ocr_carea' id='block_1_4' title="bbox 522 1645 2257 2805">
    <p class='ocr_par' dir='ltr' id='par_1_8' title="bbox 522 1645 2253 2190">
     <span class='ocr_line' id='line_1_17' title="bbox 610 1645 2251 1701; baseline -0.003 -9"><span class='ocrx_word' id='word_1_118' title='bbox 610 1652 769 1693; x_wconf 84' lang='lat' dir='ltr'>3Anno</span> <span class='ocrx_word' id='word_1_119' title='bbox 817 1650 1038 1693; x_wconf 89' lang='lat' dir='ltr'>tricesimo</span> <span class='ocrx_word' id='word_1_120' title='bbox 1091 1649 1295 1692; x_wconf 87' lang='lat' dir='ltr'>secundo.</span> <span class='ocrx_word' id='word_1_121' title='bbox 1379 1648 1548 1690; x_wconf 80' lang='lat' dir='ltr'>Accidit</span> <span class='ocrx_word' id='word_1_122' title='bbox 1603 1647 1701 1689; x_wconf 67' lang='grc' dir='ltr'>(ΗΘ4</span> <span class='ocrx_word' id='word_1_123' title='bbox 1744 1648 1871 1689; x_wconf 89' lang='lat' dir='ltr'>Lune</span> <span class='ocrx_word' id='word_1_124' title='bbox 1912 1645 2111 1701; x_wconf 81' lang='lat' dir='ltr'>proxima</span> <span class='ocrx_word' id='word_1_125' title='bbox 2152 1649 2251 1700; x_wconf 90' lang='lat' dir='ltr'>post</span> 
     </span>
     <span class='ocr_line' id='line_1_18' title="bbox 522 1716 2252 1770; baseline -0.003 -8"><span class='ocrx_word' id='word_1_126' title='bbox 522 1721 684 1762; x_wconf 90' lang='lat' dir='ltr'>festum</span> <span class='ocrx_word' id='word_1_127' title='bbox 722 1721 864 1763; x_wconf 89' lang='lat' dir='ltr'>sancti</span> <span class='ocrx_word' id='word_1_128' title='bbox 900 1719 1130 1762; x_wconf 86' lang='lat' dir='ltr'>Michaelis</span> <span class='ocrx_word' id='word_1_129' title='bbox 1167 1733 1284 1761; x_wconf 87' lang='lat' dir='ltr'>anno</span> <span class='ocrx_word' id='word_1_130' title='bbox 1316 1718 1538 1761; x_wconf 88' lang='lat' dir='ltr'>tricesimo</span> <span class='ocrx_word' id='word_1_131' title='bbox 1571 1717 1761 1759; x_wconf 86' lang='lat' dir='ltr'>secundo</span> <span class='ocrx_word' id='word_1_132' title='bbox 1798 1717 1913 1770; x_wconf 85' lang='lat' dir='ltr'>quod</span> <span class='ocrx_word' id='word_1_133' title='bbox 1948 1716 2252 1757; x_wconf 83' lang='lat' dir='ltr'>malefactores</span> 
     </span>
     <span class='ocr_line' id='line_1_19' title="bbox 522 1785 2251 1841; baseline -0.004 -9"><span class='ocrx_word' id='word_1_134' title='bbox 522 1791 805 1832; x_wconf 88' lang='lat' dir='ltr'>intrauerunt</span> <span class='ocrx_word' id='word_1_135' title='bbox 827 1790 1039 1832; x_wconf 89' lang='lat' dir='ltr'>balliuam</span> <span class='ocrx_word' id='word_1_136' title='bbox 1072 1790 1124 1831; x_wconf 90' lang='lat' dir='ltr'>de</span> <span class='ocrx_word' id='word_1_137' title='bbox 1155 1789 1284 1830; x_wconf 85' lang='lat' dir='ltr'>firma</span> <span class='ocrx_word' id='word_1_138' title='bbox 1317 1789 1369 1830; x_wconf 80' lang='lat' dir='ltr'>(le</span> <span class='ocrx_word' id='word_1_139' title='bbox 1400 1787 1631 1838; x_wconf 83' lang='lat' dir='ltr'>Bricstok’,</span> <span class='ocrx_word' id='word_1_140' title='bbox 1656 1801 1762 1841; x_wconf 89' lang='lat' dir='ltr'>quos</span> <span class='ocrx_word' id='word_1_141' title='bbox 1794 1800 1895 1828; x_wconf 86' lang='lat' dir='ltr'>cum</span> <span class='ocrx_word' id='word_1_142' title='bbox 1918 1785 2136 1828; x_wconf 87' lang='lat' dir='ltr'>forestarii</span> <span class='ocrx_word' id='word_1_143' title='bbox 2157 1799 2251 1839; x_wconf 90' lang='lat' dir='ltr'>per-</span> 
     </span>
     <span class='ocr_line' id='line_1_20' title="bbox 524 1855 2253 1914; baseline -0.003 -13"><span class='ocrx_word' id='word_1_144' title='bbox 524 1862 734 1914; x_wconf 87' lang='lat' dir='ltr'>ceperunt</span> <span class='ocrx_word' id='word_1_145' title='bbox 770 1859 992 1914; x_wconf 85' lang='lat' dir='ltr'>prosecuti</span> <span class='ocrx_word' id='word_1_146' title='bbox 1030 1862 1133 1901; x_wconf 90' lang='lat' dir='ltr'>sunt</span> <span class='ocrx_word' id='word_1_147' title='bbox 1174 1859 1478 1900; x_wconf 87' lang='lat' dir='ltr'>malefactores</span> <span class='ocrx_word' id='word_1_148' title='bbox 1520 1857 1567 1898; x_wconf 89' lang='lat' dir='ltr'>in</span> <span class='ocrx_word' id='word_1_149' title='bbox 1608 1870 1818 1910; x_wconf 81' lang='lat' dir='ltr'>magnam</span> <span class='ocrx_word' id='word_1_150' title='bbox 1852 1855 2106 1898; x_wconf 88' lang='lat' dir='ltr'>trencheam</span> <span class='ocrx_word' id='word_1_151' title='bbox 2138 1855 2253 1896; x_wconf 89' lang='lat' dir='ltr'>inter</span> 
     </span>
     <span class='ocr_line' id='line_1_21' title="bbox 525 1926 2253 1978; baseline -0.003 -8"><span class='ocrx_word' id='word_1_152' title='bbox 525 1930 740 1971; x_wconf 82' lang='lat' dir='ltr'>Bricstok&#39;</span> <span class='ocrx_word' id='word_1_153' title='bbox 766 1932 808 1972; x_wconf 92' lang='lat' dir='ltr'>et</span> <span class='ocrx_word' id='word_1_154' title='bbox 830 1929 1039 1971; x_wconf 83' lang='lat' dir='ltr'>Liueden’</span> <span class='ocrx_word' id='word_1_155' title='bbox 1062 1942 1161 1970; x_wconf 91' lang='lat' dir='ltr'>cum</span> <span class='ocrx_word' id='word_1_156' title='bbox 1185 1928 1339 1969; x_wconf 90' lang='lat' dir='ltr'>uillata</span> <span class='ocrx_word' id='word_1_157' title='bbox 1362 1927 1413 1969; x_wconf 90' lang='lat' dir='ltr'>de</span> <span class='ocrx_word' id='word_1_158' title='bbox 1434 1926 1648 1969; x_wconf 84' lang='lat' dir='ltr'>Bricstok’</span> <span class='ocrx_word' id='word_1_159' title='bbox 1668 1928 1710 1968; x_wconf 89' lang='lat' dir='ltr'>et</span> <span class='ocrx_word' id='word_1_160' title='bbox 1732 1926 1905 1966; x_wconf 89' lang='lat' dir='ltr'>nullum</span> <span class='ocrx_word' id='word_1_161' title='bbox 1928 1938 2078 1966; x_wconf 90' lang='lat' dir='ltr'>eorum</span> <span class='ocrx_word' id='word_1_162' title='bbox 2101 1937 2253 1978; x_wconf 87' lang='lat' dir='ltr'>capere</span> 
     </span>
     <span class='ocr_line' id='line_1_22' title="bbox 522 1993 2253 2052; baseline -0.004 -12"><span class='ocrx_word' id='word_1_163' title='bbox 522 2001 778 2052; x_wconf 87' lang='lat' dir='ltr'>potuerunt.</span> <span class='ocrx_word' id='word_1_164' title='bbox 840 1999 900 2040; x_wconf 87' lang='lat' dir='ltr'>Et</span> <span class='ocrx_word' id='word_1_165' title='bbox 936 2013 1065 2052; x_wconf 89' lang='lat' dir='ltr'>super</span> <span class='ocrx_word' id='word_1_166' title='bbox 1099 1998 1180 2040; x_wconf 91' lang='lat' dir='ltr'>hoc</span> <span class='ocrx_word' id='word_1_167' title='bbox 1223 1998 1339 2038; x_wconf 84' lang='lat' dir='ltr'>facta</span> <span class='ocrx_word' id='word_1_168' title='bbox 1381 1996 1465 2038; x_wconf 88' lang='lat' dir='ltr'>fuit</span> <span class='ocrx_word' id='word_1_169' title='bbox 1503 1995 1734 2050; x_wconf 89' lang='lat' dir='ltr'>inquisicio</span> <span class='ocrx_word' id='word_1_170' title='bbox 1771 2008 1919 2037; x_wconf 89' lang='lat' dir='ltr'>coram</span> <span class='ocrx_word' id='word_1_171' title='bbox 1952 1993 2173 2035; x_wconf 79' lang='lat' dir='ltr'>viridariis</span> <span class='ocrx_word' id='word_1_172' title='bbox 2210 1995 2253 2034; x_wconf 91' lang='lat' dir='ltr'>et</span> 
     </span>
     <span class='ocr_line' id='line_1_23' title="bbox 523 2063 2253 2123; baseline -0.003 -14"><span class='ocrx_word' id='word_1_173' title='bbox 523 2069 764 2111; x_wconf 88' lang='lat' dir='ltr'>forestariis</span> <span class='ocrx_word' id='word_1_174' title='bbox 805 2068 947 2123; x_wconf 88' lang='lat' dir='ltr'>patrie</span> <span class='ocrx_word' id='word_1_175' title='bbox 988 2082 1064 2122; x_wconf 89' lang='lat' dir='ltr'>per</span> <span class='ocrx_word' id='word_1_176' title='bbox 1106 2068 1293 2122; x_wconf 88' lang='lat' dir='ltr'>quatuor</span> <span class='ocrx_word' id='word_1_177' title='bbox 1334 2067 1512 2108; x_wconf 87' lang='lat' dir='ltr'>uillatas</span> <span class='ocrx_word' id='word_1_178' title='bbox 1548 2065 1897 2120; x_wconf 83' lang='lat' dir='ltr'>propinquiores,</span> <span class='ocrx_word' id='word_1_179' title='bbox 1930 2063 2144 2113; x_wconf 85' lang='lat' dir='ltr'>videlicet,</span> <span class='ocrx_word' id='word_1_180' title='bbox 2177 2075 2253 2117; x_wconf 87' lang='lat' dir='ltr'>per</span> 
     </span>
     <span class='ocr_line' id='line_1_24' title="bbox 525 2136 1578 2190; baseline -0.003 -11"><span class='ocrx_word' id='word_1_181' title='bbox 525 2138 757 2189; x_wconf 83' lang='lat' dir='ltr'>Bricstok&#39;,</span> <span class='ocrx_word' id='word_1_182' title='bbox 780 2138 1007 2187; x_wconf 84' lang='lat' dir='ltr'>Liueden&#39;,</span> <span class='ocrx_word' id='word_1_183' title='bbox 1035 2137 1257 2190; x_wconf 81' lang='lat' dir='ltr'>Sutburg’,</span> <span class='ocrx_word' id='word_1_184' title='bbox 1280 2136 1475 2189; x_wconf 75' lang='lat' dir='ltr'>Lufwyc.</span> <span class='ocrx_word' id='word_1_185' title='bbox 1576 2183 1578 2185; x_wconf 17' lang='lat' dir='ltr'>v</span> 
     </span>
    </p>

    <p class='ocr_par' dir='ltr' id='par_1_9' title="bbox 613 2201 2117 2258">
     <span class='ocr_line' id='line_1_25' title="bbox 613 2201 2117 2258; baseline -0.003 -10"><span class='ocrx_word' id='word_1_186' title='bbox 613 2207 827 2249; x_wconf 82' lang='lat' dir='ltr'>Bricstok’</span> <span class='ocrx_word' id='word_1_187' title='bbox 852 2206 975 2248; x_wconf 90' lang='lat' dir='ltr'>uenit</span> <span class='ocrx_word' id='word_1_188' title='bbox 998 2208 1054 2257; x_wconf 87' lang='lat' dir='ltr'>et,</span> <span class='ocrx_word' id='word_1_189' title='bbox 1079 2205 1240 2255; x_wconf 88' lang='lat' dir='ltr'>iurata,</span> <span class='ocrx_word' id='word_1_190' title='bbox 1265 2204 1370 2246; x_wconf 88' lang='lat' dir='ltr'>dicit</span> <span class='ocrx_word' id='word_1_191' title='bbox 1394 2204 1507 2258; x_wconf 90' lang='lat' dir='ltr'>quod</span> <span class='ocrx_word' id='word_1_192' title='bbox 1529 2204 1702 2245; x_wconf 89' lang='lat' dir='ltr'>nullum</span> <span class='ocrx_word' id='word_1_193' title='bbox 1725 2217 1876 2245; x_wconf 88' lang='lat' dir='ltr'>eorum</span> <span class='ocrx_word' id='word_1_194' title='bbox 1899 2201 2117 2256; x_wconf 85' lang='lat' dir='ltr'>cognouit.</span> 
     </span>
    </p>

    <p class='ocr_par' dir='ltr' id='par_1_10' title="bbox 615 2273 1527 2325">
     <span class='ocr_line' id='line_1_26' title="bbox 615 2273 1527 2325; baseline -0.003 -7"><span class='ocrx_word' id='word_1_195' title='bbox 615 2276 838 2318; x_wconf 80' lang='lat' dir='ltr'>Liueclene</span> <span class='ocrx_word' id='word_1_196' title='bbox 861 2275 984 2317; x_wconf 90' lang='lat' dir='ltr'>uenit</span> <span class='ocrx_word' id='word_1_197' title='bbox 1007 2277 1062 2325; x_wconf 85' lang='lat' dir='ltr'>et,</span> <span class='ocrx_word' id='word_1_198' title='bbox 1087 2275 1246 2325; x_wconf 88' lang='lat' dir='ltr'>iurata,</span> <span class='ocrx_word' id='word_1_199' title='bbox 1271 2274 1375 2316; x_wconf 88' lang='lat' dir='ltr'>dicit</span> <span class='ocrx_word' id='word_1_200' title='bbox 1397 2273 1527 2315; x_wconf 85' lang='lat' dir='ltr'>idem.</span> 
     </span>
    </p>

    <p class='ocr_par' dir='ltr' id='par_1_11' title="bbox 617 2343 1507 2399">
     <span class='ocr_line' id='line_1_27' title="bbox 617 2343 1507 2399; baseline -0.004 -11"><span class='ocrx_word' id='word_1_201' title='bbox 617 2346 824 2399; x_wconf 81' lang='lat' dir='ltr'>Sutburg’</span> <span class='ocrx_word' id='word_1_202' title='bbox 843 2345 963 2387; x_wconf 85' lang='lat' dir='ltr'>venit</span> <span class='ocrx_word' id='word_1_203' title='bbox 985 2347 1040 2394; x_wconf 89' lang='lat' dir='ltr'>et,</span> <span class='ocrx_word' id='word_1_204' title='bbox 1064 2344 1225 2395; x_wconf 83' lang='lat' dir='ltr'>iurata,</span> <span class='ocrx_word' id='word_1_205' title='bbox 1249 2343 1353 2385; x_wconf 87' lang='lat' dir='ltr'>dicit</span> <span class='ocrx_word' id='word_1_206' title='bbox 1375 2344 1507 2385; x_wconf 86' lang='lat' dir='ltr'>idem.</span> 
     </span>
    </p>

    <p class='ocr_par' dir='ltr' id='par_1_12' title="bbox 614 2412 1479 2469">
     <span class='ocr_line' id='line_1_28' title="bbox 614 2412 1479 2469; baseline -0.003 -12"><span class='ocrx_word' id='word_1_207' title='bbox 614 2416 793 2469; x_wconf 80' lang='lat' dir='ltr'>Lufwyc</span> <span class='ocrx_word' id='word_1_208' title='bbox 814 2414 935 2457; x_wconf 77' lang='lat' dir='ltr'>venit</span> <span class='ocrx_word' id='word_1_209' title='bbox 957 2416 1014 2464; x_wconf 92' lang='lat' dir='ltr'>et,</span> <span class='ocrx_word' id='word_1_210' title='bbox 1038 2414 1198 2464; x_wconf 90' lang='lat' dir='ltr'>iurata,</span> <span class='ocrx_word' id='word_1_211' title='bbox 1223 2412 1327 2454; x_wconf 89' lang='lat' dir='ltr'>dicit</span> <span class='ocrx_word' id='word_1_212' title='bbox 1350 2413 1479 2454; x_wconf 85' lang='lat' dir='ltr'>idem.</span> 
     </span>
    </p>

    <p class='ocr_par' dir='ltr' id='par_1_13' title="bbox 528 2480 2257 2805">
     <span class='ocr_line' id='line_1_29' title="bbox 618 2480 2257 2538; baseline -0.004 -10"><span class='ocrx_word' id='word_1_213' title='bbox 618 2486 692 2528; x_wconf 81' lang='lat' dir='ltr'>Set</span> <span class='ocrx_word' id='word_1_214' title='bbox 728 2487 827 2538; x_wconf 86' lang='lat' dir='ltr'>post</span> <span class='ocrx_word' id='word_1_215' title='bbox 863 2483 1199 2538; x_wconf 87' lang='lat' dir='ltr'>inquisicionem</span> <span class='ocrx_word' id='word_1_216' title='bbox 1241 2483 1405 2525; x_wconf 89' lang='lat' dir='ltr'>factam</span> <span class='ocrx_word' id='word_1_217' title='bbox 1447 2496 1599 2524; x_wconf 91' lang='lat' dir='ltr'>omnes</span> <span class='ocrx_word' id='word_1_218' title='bbox 1641 2481 1792 2524; x_wconf 90' lang='lat' dir='ltr'>uillate</span> <span class='ocrx_word' id='word_1_219' title='bbox 1824 2495 1924 2523; x_wconf 90' lang='lat' dir='ltr'>cum</span> <span class='ocrx_word' id='word_1_220' title='bbox 1961 2480 2183 2523; x_wconf 87' lang='lat' dir='ltr'>uiridariis</span> <span class='ocrx_word' id='word_1_221' title='bbox 2215 2484 2257 2522; x_wconf 89' lang='lat' dir='ltr'>et</span> 
     </span>
     <span class='ocr_line' id='line_1_30' title="bbox 528 2550 2257 2606; baseline -0.004 -8"><span class='ocrx_word' id='word_1_222' title='bbox 528 2555 771 2598; x_wconf 89' lang='lat' dir='ltr'>forestariis</span> <span class='ocrx_word' id='word_1_223' title='bbox 819 2554 1130 2596; x_wconf 88' lang='lat' dir='ltr'>scrutauerunt</span> <span class='ocrx_word' id='word_1_224' title='bbox 1171 2566 1381 2606; x_wconf 82' lang='lat' dir='ltr'>magnam</span> <span class='ocrx_word' id='word_1_225' title='bbox 1428 2553 1682 2594; x_wconf 87' lang='lat' dir='ltr'>trencheam</span> <span class='ocrx_word' id='word_1_226' title='bbox 1725 2553 1767 2593; x_wconf 88' lang='lat' dir='ltr'>et</span> <span class='ocrx_word' id='word_1_227' title='bbox 1808 2551 2075 2592; x_wconf 82' lang='lat' dir='ltr'>inuenerunt</span> <span class='ocrx_word' id='word_1_228' title='bbox 2117 2550 2257 2604; x_wconf 82' lang='lat' dir='ltr'>capud</span> 
     </span>
     <span class='ocr_line' id='line_1_31' title="bbox 529 2619 2257 2675; baseline -0.003 -9"><span class='ocrx_word' id='word_1_229' title='bbox 529 2625 760 2666; x_wconf 89' lang='lat' dir='ltr'>cuiusdam</span> <span class='ocrx_word' id='word_1_230' title='bbox 793 2623 938 2665; x_wconf 80' lang='lat' dir='ltr'>zouris</span> <span class='ocrx_word' id='word_1_231' title='bbox 971 2637 1071 2664; x_wconf 89' lang='lat' dir='ltr'>cum</span> <span class='ocrx_word' id='word_1_232' title='bbox 1104 2622 1354 2664; x_wconf 89' lang='lat' dir='ltr'>intralibus.</span> <span class='ocrx_word' id='word_1_233' title='bbox 1415 2622 1476 2663; x_wconf 89' lang='lat' dir='ltr'>Et</span> <span class='ocrx_word' id='word_1_234' title='bbox 1513 2621 1749 2663; x_wconf 88' lang='lat' dir='ltr'>liberatum</span> <span class='ocrx_word' id='word_1_235' title='bbox 1784 2621 1866 2662; x_wconf 87' lang='lat' dir='ltr'>fuit</span> <span class='ocrx_word' id='word_1_236' title='bbox 1903 2621 2043 2675; x_wconf 89' lang='lat' dir='ltr'>capud</span> <span class='ocrx_word' id='word_1_237' title='bbox 2066 2619 2257 2661; x_wconf 88' lang='lat' dir='ltr'>Henrico</span> 
     </span>
     <span class='ocr_line' id='line_1_32' title="bbox 529 2689 2257 2747; baseline -0.003 -13"><span class='ocrx_word' id='word_1_238' title='bbox 529 2693 618 2735; x_wconf 90' lang='lat' dir='ltr'>filio</span> <span class='ocrx_word' id='word_1_239' title='bbox 640 2692 851 2747; x_wconf 71' lang='lat' dir='ltr'>Wydonis</span> <span class='ocrx_word' id='word_1_240' title='bbox 875 2693 926 2734; x_wconf 90' lang='lat' dir='ltr'>de</span> <span class='ocrx_word' id='word_1_241' title='bbox 958 2691 1173 2734; x_wconf 80' lang='lat' dir='ltr'>Bricstok’</span> <span class='ocrx_word' id='word_1_242' title='bbox 1208 2694 1250 2733; x_wconf 91' lang='lat' dir='ltr'>et</span> <span class='ocrx_word' id='word_1_243' title='bbox 1285 2690 1482 2734; x_wconf 82' lang='lat' dir='ltr'>Gilberto</span> <span class='ocrx_word' id='word_1_244' title='bbox 1517 2690 1571 2732; x_wconf 88' lang='lat' dir='ltr'>ad</span> <span class='ocrx_word' id='word_1_245' title='bbox 1606 2691 1824 2744; x_wconf 81' lang='lat' dir='ltr'>Stagnum</span> <span class='ocrx_word' id='word_1_246' title='bbox 1855 2703 1992 2743; x_wconf 88' lang='lat' dir='ltr'>usque</span> <span class='ocrx_word' id='word_1_247' title='bbox 2015 2689 2257 2731; x_wconf 86' lang='lat' dir='ltr'>aduentum</span> 
     </span>
     <span class='ocr_line' id='line_1_33' title="bbox 528 2761 1146 2805; baseline -0.005 0"><span class='ocrx_word' id='word_1_248' title='bbox 528 2762 873 2805; x_wconf 87' lang='lat' dir='ltr'>iusticiariorum</span> <span class='ocrx_word' id='word_1_249' title='bbox 895 2761 947 2803; x_wconf 84' lang='lat' dir='ltr'>de</span> <span class='ocrx_word' id='word_1_250' title='bbox 969 2761 1146 2803; x_wconf 85' lang='lat' dir='ltr'>foresta.</span> 
     </span>
    </p>
   </div>
   <div class='ocr_carea' id='block_1_5' title="bbox 620 3011 2170 3102">
    <p class='ocr_par' dir='ltr' id='par_1_14' title="bbox 620 3011 2170 3102">
     <span class='ocr_line' id='line_1_34' title="bbox 622 3011 2170 3057; baseline -0.003 -9"><span class='ocrx_word' id='word_1_251' title='bbox 622 3019 628 3036; x_wconf 92' lang='lat'>¹</span> <span class='ocrx_word' id='word_1_252' title='bbox 655 3016 740 3049; x_wconf 87' lang='lat' dir='ltr'>This</span> <span class='ocrx_word' id='word_1_253' title='bbox 757 3019 855 3057; x_wconf 85' lang='lat' dir='ltr'>entry</span> <span class='ocrx_word' id='word_1_254' title='bbox 873 3016 902 3047; x_wconf 87' lang='lat' dir='ltr'>is</span> <span class='ocrx_word' id='word_1_255' title='bbox 919 3016 1053 3048; x_wconf 84' lang='lat' dir='ltr'>written</span> <span class='ocrx_word' id='word_1_256' title='bbox 1072 3026 1116 3048; x_wconf 91' lang='lat' dir='ltr'>on</span> <span class='ocrx_word' id='word_1_257' title='bbox 1134 3026 1153 3048; x_wconf 80' lang='lat' dir='ltr'>a</span> <span class='ocrx_word' id='word_1_258' title='bbox 1170 3015 1333 3048; x_wconf 84' lang='lat' dir='ltr'>schedulc</span> <span class='ocrx_word' id='word_1_259' title='bbox 1350 3018 1385 3048; x_wconf 83' lang='lat' dir='ltr'>to</span> <span class='ocrx_word' id='word_1_260' title='bbox 1402 3014 1461 3047; x_wconf 80' lang='lat' dir='ltr'>the</span> <span class='ocrx_word' id='word_1_261' title='bbox 1478 3014 1552 3047; x_wconf 87' lang='lat' dir='ltr'>roll.</span> <span class='ocrx_word' id='word_1_262' title='bbox 1831 3015 1842 3031; x_wconf 83' lang='lat'>³</span> <span class='ocrx_word' id='word_1_263' title='bbox 1868 3014 1930 3045; x_wconf 85' lang='lat' dir='ltr'>See</span> <span class='ocrx_word' id='word_1_264' title='bbox 1946 3023 1979 3053; x_wconf 92' lang='lat' dir='ltr'>p.</span> <span class='ocrx_word' id='word_1_265' title='bbox 1997 3013 2038 3044; x_wconf 84' lang='lat'>30</span> <span class='ocrx_word' id='word_1_266' title='bbox 2055 3011 2170 3043; x_wconf 73' lang='lat' dir='ltr'>above.</span> 
     </span>
     <span class='ocr_line' id='line_1_35' title="bbox 620 3057 2156 3102; baseline -0.003 -10"><span class='ocrx_word' id='word_1_267' title='bbox 620 3064 631 3080; x_wconf 87' lang='lat'><strong>²</strong></span> <span class='ocrx_word' id='word_1_268' title='bbox 656 3064 696 3094; x_wconf 83' lang='lat'>27</span> <span class='ocrx_word' id='word_1_269' title='bbox 716 3063 795 3102; x_wconf 84' lang='lat' dir='ltr'>May</span> <span class='ocrx_word' id='word_1_270' title='bbox 814 3062 909 3093; x_wconf 83' lang='lat'><strong>1247.</strong></span> <span class='ocrx_word' id='word_1_271' title='bbox 1828 3060 1836 3076; x_wconf 79' lang='lat'>⁴</span> <span class='ocrx_word' id='word_1_272' title='bbox 1862 3059 1880 3088; x_wconf 82' lang='lat'><strong><em>5</em></strong></span> <span class='ocrx_word' id='word_1_273' title='bbox 1899 3057 2044 3089; x_wconf 85' lang='lat' dir='ltr'>October</span> <span class='ocrx_word' id='word_1_274' title='bbox 2061 3057 2156 3087; x_wconf 75' lang='lat'>1243.</span> 
     </span>
    </p>
   </div>
  </div>
 </body>
</html>
