2421 3529
318 224 420 260 THE
457 224 700 261 CHARTER
735 224 796 259 OF
832 223 935 259 THE
970 224 1163 260 FOREST
1199 225 1261 260 OF
1296 225 1586 261 NOVEMBER
1623 229 1712 264 1217
1791 234 1953 265 CXXXV

795 669 1025 723 APPE
1037 669 1095 722 N
1104 669 1269 723 DIX
1326 669 1382 723 Ι.

315 887 427 927 THE
469 887 732 928 CHARTER
771 888 840 928 OF
879 888 992 928 THE
1034 887 1249 930 FOREST
1290 888 1359 928 OF
1397 888 1707 928 NOVEMBER
1747 890 1862 930 1217,

227 1005 456 1044 HENRmUs
495 1005 570 1044 Dei
608 1006 737 1055 gratia
775 1019 844 1045 rex
883 1007 1039 1056 Anglie,
1083 1006 1270 1045 dominus
1317 1005 1524 1053 Hibernie,
1569 1007 1649 1044 dux
1696 1007 1958 1055 Normannie,

226 1066 443 1116 Aquitanie
463 1070 502 1105 et
522 1080 654 1106 comes
675 1068 920 1117 Andegauie‚
934 1068 1258 1118 archiepiscopis,
1277 1067 1485 1117 episcopis,
1503 1067 1727 1113 abbatibus,
1745 1068 1957 1118 prioribus,

226 1127 451 1174 comitibus,
500 1127 732 1173 baronibus,
781 1128 1027 1174 iusticiariis,
1084 1127 1317 1174 forestariis,
1365 1127 1680 1174 uicecomitibus,
1731 1129 1956 1178 prepositis,

225 1188 435 1234 ministris,
475 1192 514 1226 et
551 1189 738 1228 omnibus
776 1189 937 1228 balliuis
975 1192 1014 1228 et
1052 1188 1236 1227 fidelibus
1275 1188 1370 1235 suiS‚
1410 1188 1594 1227 salutem.
1653 1189 1798 1228 Sciatis
1835 1190 1955 1239 quod,

224 1249 376 1288 intuitu
414 1250 489 1289 Dei
536 1254 575 1289 et
612 1263 683 1299 pro
722 1250 851 1289 salute
889 1251 1023 1289 anime
1062 1253 1198 1289 nostre
1235 1253 1274 1289 et
1311 1250 1540 1288 animarum
1578 1253 1877 1290 antecessorum
1917 1255 1957 1290 et

227 1324 501 1349 successorum
531 1314 773 1359 nostrorum,
794 1312 845 1350 ad
874 1312 1164 1351 exaltacionem
1193 1314 1330 1351 sancte
1358 1311 1538 1350 Ecclesie
1567 1315 1606 1350 et
1629 1312 1957 1351 emendacionem

226 1372 338 1422 regni
358 1372 500 1418 nostri,
521 1373 791 1411 concessimus
821 1376 860 1412 et
888 1373 965 1412 hac
994 1373 1170 1423 presenti
1199 1376 1309 1412 carta
1337 1372 1667 1411 confirmauimus
1692 1386 1763 1422 pro
1783 1373 1898 1412 nobis
1918 1376 1959 1412 et

226 1433 440 1472 heredibus
460 1434 608 1472 nostris
628 1434 923 1484 inperpetuum,
945 1435 992 1473 de
1021 1434 1188 1474 consilio
1218 1433 1459 1472 uenerabilis
1489 1434 1615 1483 patris
1644 1433 1771 1472 nostri
1805 1434 1958 1472 domini

227 1494 424 1533 Gualonis
445 1494 553 1532 tituli
575 1494 704 1533 sancti
724 1495 891 1533 Martini
912 1495 1121 1545 presbiteri
1143 1494 1357 1535 cardinalis
1377 1497 1416 1533 et
1445 1495 1661 1544 apostolice
1690 1494 1793 1533 sedis
1822 1495 1957 1543 legati,

225 1555 377 1594 domini
406 1555 575 1593 Walteri
604 1555 871 1595 Eboracensis
905 1556 1205 1607 archiepiscopi,
1227 1555 1421 1595 Willelmi
1440 1556 1736 1594 Londoniensis
1770 1555 1958 1606 episcopi,

225 1619 265 1655 et
293 1616 464 1655 aliorum
496 1616 772 1666 episcoporum
802 1617 959 1667 Anglie,
990 1620 1028 1656 et
1058 1616 1251 1656 Willelmi
1281 1616 1507 1655 Marescalli
1538 1617 1696 1655 comitis
1727 1617 1957 1663 Penbrocie,

226 1677 390 1715 rectoris
427 1675 555 1715 nostri
594 1683 632 1715 et
663 1676 776 1726 regni
809 1677 949 1723 nostri,
982 1680 1021 1716 et
1053 1677 1224 1716 aliorum
1254 1676 1434 1715 fidelium
1465 1676 1659 1715 comitum
1691 1680 1729 1715 et
1760 1677 1957 1715 baronum

226 1739 456 1775 nostrorum
495 1736 651 1786 Anglie‚
690 1737 765 1776 has
801 1736 1008 1776 libertates
1048 1737 1295 1787 subscriptas
1337 1736 1533 1775 tenendas
1570 1737 1612 1774 in
1650 1749 1772 1787 regno
1819 1740 1959 1776 nostro

227 1797 384 1848 Anglie,
405 1797 447 1835 in
468 1800 710 1847 perpetuum
727 1810 734 1837 ε

306 1861 341 1897 1.
372 1859 564 1909 Inprimis
593 1872 733 1899 omnes
758 1860 916 1907 foreste,
938 1872 1038 1910 quas
1068 1859 1269 1898 Henricus
1298 1872 1366 1897 rex
1395 1871 1497 1897 auus
1526 1862 1662 1898 noster
1695 1860 1956 1908 afforestauit,

226 1920 439 1960 uideantur
459 1933 529 1970 per
547 1921 674 1961 bonos
693 1926 733 1961 et
756 1923 905 1973 legales
933 1922 1118 1961 homines
1137 1935 1145 1967 ;
1176 1924 1215 1960 et
1244 1922 1278 1960 si
1307 1920 1473 1960 boscum
1494 1921 1668 1970 aliquem
1689 1922 1813 1960 alium
1834 1936 1956 1972 quam

226 1994 345 2020 suum
382 1982 629 2022 dominicum
667 1983 959 2023 afforestauerit
998 1984 1047 2022 ad
1085 1983 1307 2033 dampnum
1346 1982 1455 2020 illius
1492 1982 1605 2021 cuius
1643 1983 1786 2022 boscus
1824 1984 1956 2030 fuerit,

227 2042 575 2082 deafforestentur.
646 2045 701 2083 Et
740 2045 773 2083 si
810 2044 978 2084 boscum
1010 2057 1128 2083 suum
1166 2043 1373 2093 proprium
1406 2043 1711 2091 afforestauerit,
1751 2048 1958 2083 remaneat

227 2103 389 2148 foresta,
411 2104 524 2142 salua
544 2117 762 2144 communa
782 2105 828 2144 de
848 2105 1039 2155 herbagio
1061 2107 1100 2144 et
1128 2105 1218 2144 aliis
1245 2105 1287 2143 in
1317 2105 1455 2143 eadem
1485 2104 1634 2144 foresta
1662 2105 1741 2144 illis
1771 2106 1838 2155 qui
1868 2119 1957 2144 eam

226 2163 336 2214 prius
356 2163 502 2203 habere
523 2168 830 2205 consueuerunt.

307 2227 344 2263 2.
375 2225 574 2264 Homines
612 2226 680 2276 qui
718 2229 885 2266 manent
924 2228 1036 2266 extra
1067 2226 1259 2265 forestam
1292 2238 1374 2264 non
1408 2225 1575 2264 ueniant
1606 2226 1787 2266 decetero
1824 2241 1959 2266 coram

226 2286 454 2325 iusticiariis
492 2287 639 2326 nostris
671 2288 718 2326 de
756 2288 903 2327 foresta
933 2301 1003 2338 per
1036 2300 1268 2326 communes
1299 2286 1649 2334 summoniciones,
1683 2288 1760 2326 nisi
1798 2288 1879 2326 sint
1917 2289 1958 2327 in

227 2346 386 2397 placito,
405 2347 470 2385 uel
489 2347 610 2397 plegii
631 2347 799 2387 alicuius
820 2349 885 2386 uel
905 2349 1132 2398 aliquorum
1146 2348 1214 2397 qui
1234 2347 1444 2386 attachiati
1465 2350 1559 2386 sunt
1578 2351 1739 2397 propter
1755 2349 1959 2387 forestam.

307 2411 343 2447 3.
388 2409 538 2448 Omnes
577 2412 713 2448 autem
751 2410 859 2449 bosci
898 2411 966 2460 qui
1004 2411 1166 2448 fuerunt
1204 2408 1423 2448 afforestati
1461 2422 1530 2458 per
1565 2422 1700 2458 regem
1739 2411 1957 2449 Ricardum

226 2470 474 2509 auunculum
504 2473 700 2518 nostrum,
731 2472 795 2511 uel
824 2485 894 2522 per
926 2485 1061 2521 regem
1091 2472 1317 2510 Iohannem
1348 2473 1504 2520 patrem
1536 2474 1717 2508 nostrum
1749 2484 1873 2520 usque
1907 2473 1957 2510 ad

226 2530 398 2581 primam
419 2531 723 2570 coronacionem
744 2535 934 2579 nostram,
956 2533 1094 2571 statim
1123 2531 1465 2575 deafforestentur,
1487 2530 1564 2569 nisi
1592 2530 1713 2569 fuerit
1733 2531 1961 2569 dominicus

226 2590 367 2629 boscus
388 2594 535 2630 noster.

308 2655 343 2691 4.
374 2651 685 2703 Archiepiscopi,
706 2653 890 2704 episcopi,
912 2653 1088 2700 abbates,
1110 2653 1271 2703 priores,
1292 2652 1458 2692 comites
1487 2655 1525 2691 et
1555 2652 1721 2691 barones
1751 2655 1789 2690 et
1808 2653 1960 2691 milites

228 2716 267 2752 et
285 2713 407 2752 libere
436 2716 630 2759 tenentes,
659 2715 727 2764 qui
758 2714 895 2754 boscos
924 2729 1015 2754 suos
1044 2715 1195 2754 habent
1223 2715 1265 2752 in
1296 2714 1463 2759 forestis,
1494 2712 1670 2751 habeant
1699 2713 1835 2752 boscos
1866 2727 1960 2751 suos

228 2774 330 2812 sicut
350 2787 414 2812 eos
444 2773 673 2813 habuerunt
702 2782 881 2825 tempore
910 2776 1036 2825 prime
1068 2776 1342 2815 coronacionis
1373 2774 1539 2824 predicti
1571 2773 1672 2823 regis
1693 2774 1858 2812 Henrici
1892 2774 1961 2813 aui

229 2834 368 2881 nostri,
389 2834 446 2873 ita
466 2835 573 2885 quod
593 2836 714 2885 quieti
746 2836 827 2876 sint
858 2837 1143 2887 inperpetuum
1175 2838 1223 2875 de
1257 2836 1442 2875 omnibus
1473 2835 1754 2885 purpresturis,
1775 2835 1898 2873 uastis
1918 2838 1959 2874 et

228 2896 392 2934 assartis
412 2895 528 2934 factis
549 2896 591 2934 in
611 2896 689 2935 illis
709 2896 849 2944 boscis,
869 2900 958 2947 post
977 2897 1076 2936 illud
1105 2900 1262 2947 tempus
1292 2910 1416 2946 usque
1446 2896 1495 2934 ad
1523 2895 1764 2945 principium
1794 2896 1956 2934 secundi

230 2955 326 2994 anni
364 2956 637 2995 coronacionis
675 2960 823 2996 nostre.
879 2958 934 2996 Et
972 2959 1039 3008 qui
1077 2959 1124 2996 de
1162 2961 1291 2996 cetero
1329 2959 1503 3002 uastum,
1543 2958 1856 3005 purpresturam,
1892 2956 1956 2994 uel

231 3018 430 3054 assartum
475 3016 560 3055 sine
607 3016 775 3056 licencia
822 3020 958 3057 nostra
1004 3018 1046 3056 in
1093 3018 1171 3057 illis
1218 3017 1395 3064 fecerint,
1443 3017 1489 3055 de
1536 3015 1660 3055 uastis
1708 3018 1746 3054 et
1793 3015 1957 3054 assartis

229 3076 509 3127 respondeant.
