2421 3529
214 2184 290 2208 alibL

444 258 502 303 72
909 267 1095 302 sELECT
1132 267 1321 301 FOREST
1358 266 1710 309 INQUIsirioNs

441 381 494 423 de
517 381 720 423 Hadfeld'
747 380 977 422 adessendi
999 379 1590 423 60161111111613161611161016616
1608 379 1662 421 ad
1685 377 1828 432 prima
1841 377 2004 431 placita
2021 379 2076 420 ad
2098 394 2170 422 eos

441 449 744 492 certificandos
767 463 895 503 super
918 450 1007 492 iam
1030 451 1147 491 dicta
1170 451 1261 490 fera
1283 456 1458 491 mortua
1480 449 1677 490 inuenta.

529 519 704 560 Decena
725 518 931 560 Willelmi
954 519 1005 560 de
1027 518 1315 571 Beuchaump
1348 520 1390 559 et
1412 517 1590 559 Iordani
1621 516 1700 557 filii
1731 515 1934 557 Mauricii
1966 531 2169 559 manuce-

440 590 601 641 perunt
624 587 822 628 villatam
847 587 898 628 de
922 587 1168 628 Kaneueles
1190 601 1270 640 pro
1293 587 1460 628 eodem.

530 656 704 697 Decena
726 655 907 697 Roberti
930 655 981 697 de
1004 656 1127 709 Lucy
1149 658 1192 697 el,
1214 655 1373 708 Rogeri
1396 655 1447 696 de
1470 655 1592 708 Lucy
1606 656 1955 708 manuceperunt
1973 654 2171 697 villatam

443 724 494 766 de
517 724 805 777 Hallingebir’
830 724 880 765 de
902 725 1049 778 Burgo
1071 738 1149 778 pro
1172 724 1337 766 eodem.
1480 719 1495 730 “

531 794 705 835 Decena
727 793 957 846 Reginaldi
980 794 1032 835 de
1055 793 1281 835 Kastenho
1304 795 1346 835 et
1379 793 1537 847 Rogeri
1570 793 1621 835 de
1654 793 1791 834 Bosco
1823 797 2172 848 manuceperunt

442 864 641 905 villatam
665 863 717 904 de
739 863 1028 917 Hallingebir’
1053 863 1105 904 de
1128 863 1283 904 Neuill’
1307 877 1386 917 pro
1408 863 1573 904 eodem.

534 933 735 984 Quatuor
769 932 900 973 vicini
941 931 1142 986 proximi,
1176 932 1391 974 Ricardus
1429 932 1587 982 Child',
1610 931 1880 985 Reginaldus
1916 931 1955 974 16
1976 932 2171 982 Waunt’,

444 1002 673 1056 Philippus
696 1002 816 1043 Mose
839 1004 881 1043 et
905 1002 1106 1044 Clemens
1130 1002 1240 1043 Hui.

531 1072 668 1125 Plegii
691 1071 867 1112 Ricardi
891 1071 1032 1113 Child’
1058 1071 1289 1113 adessendi
1319 1085 1465 1113 coram
1489 1069 1744 1112 iusticiariis
1768 1070 1822 1111 ad
1845 1070 1989 1124 prima
2010 1070 2172 1124 piacita

442 1142 614 1190 foreste,
639 1140 866 1181 Michaelis
889 1140 1005 1180 filius
1028 1140 1202 1181 Radulfi
1226 1143 1267 1181 et
1290 1141 1446 1181 Petrus
1468 1139 1584 1180 filius
1606 1139 1828 1181 Willelmi.

531 1210 665 1263 Plegii
687 1209 917 1262 Reginaldi
939 1210 977 1250 16
1000 1209 1177 1251 Waunt’
1202 1223 1279 1263 pro
1313 1210 1461 1251 eodeni
1486 1209 1710 1251 Galfridus
1732 1208 1849 1250 filius
1872 1209 2099 1251 Michaelis
2131 1212 2172 1251 et

442 1279 686 1323 Willelmus
709 1279 760 1320 de
784 1279 1143 1332 Haselingefeld’.

531 1349 667 1403 Plegii
689 1348 882 1402 Philippi
904 1350 1025 1390 Mose
1042 1362 1120 1402 pro
1144 1348 1294 1390 eodem
1309 1348 1553 1390 Willelmus
1575 1348 1613 1389 16
1636 1347 1881 1401 Leuetaing
1896 1350 1937 1389 et
1954 1349 2173 1391 Walterus

442 1420 480 1462 16
504 1420 752 1460 Neweman.

531 1488 667 1542 Plegii
690 1487 927 1530 Clementis
950 1488 1046 1529 Hut
1069 1501 1146 1541 pro
1170 1487 1320 1529 eodem
1344 1486 1612 1540 Reginaldus
1637 1486 1891 1539 Strangowe
1913 1490 1955 1529 et
1977 1487 2173 1540 Rogerus

441 1558 558 1599 filius
582 1557 807 1612 Wydonis.

530 1627 666 1681 Plegii
704 1627 941 1669 Clementis
972 1626 1148 1681 Godcop
1185 1626 1430 1668 inuentoris
1468 1625 1698 1668 adessendi
1732 1639 1878 1667 coram
1921 1625 2173 1668 iusticiariis

442 1697 600 1738 foreste
623 1696 867 1738 Willelmus
890 1697 928 1738 16
951 1696 1141 1737 Boteiler
1164 1698 1207 1738 et
1232 1696 1483 1749 Stephanus
1507 1695 1623 1736 filius
1646 1695 1883 1748 Ernulphi.

531 1765 667 1820 Plegii
698 1765 880 1819 Agnetis
914 1766 964 1806 de
997 1766 1136 1808 Bosco
1168 1765 1214 1805 in
1247 1764 1371 1806 6111116
1407 1779 1561 1818 campo
1592 1764 1734 1806 dictus
1770 1764 1927 1805 damus
1962 1764 2173 1806 inuentus

443 1835 526 1876 fuit
564 1837 766 1876 mortuus
799 1834 1030 1876 adessendi
1063 1848 1210 1876 coram
1243 1833 1496 1875 iusticiariis
1521 1834 1678 1875 foreste
1701 1833 1916 1875 Ricardus
1949 1834 2171 1875 Dukehar‘

445 1907 488 1946 et
512 1904 734 1945 Iohannes
756 1905 930 1958 Arnwy.

535 1974 686 2027 Capud
708 1976 750 2015 et
773 1988 909 2016 cornu
932 1973 1224 2015 comittuntur
1247 1972 1434 2014 Ricardo
1457 1971 1596 2014 Child’
1615 1986 1750 2026 usque
1773 1972 1827 2014 ad
1850 1971 1993 2026 prima
2015 1972 2174 2026 placita

447 2044 620 2085 foreste.

536 2179 703 2221 Accidit
737 2179 853 2232 apud
884 2178 1125 2221 Wodehain
1150 2179 1270 2220 Ferr'
1297 2177 1391 2219 (1161
1420 2180 1568 2220 sancte
1590 2177 1729 2219 Marie
1767 2177 2024 2231 Magdalene
2059 2192 2174 2220 anno

447 2249 570 2302 regni
592 2249 704 2302 regis
727 2249 909 2290 Henrici
931 2248 1135 2289 vicesimo
1159 2248 1312 2301 quinto
1335 2247 1449 2301 quod
1473 2261 1572 2288 cum
1595 2247 1821 2301 parcarius
1844 2247 2009 2289 domini
2031 2248 2098 2289 W.
2123 2248 2174 2288 de

448 2319 568 2359 Ferr'
593 2318 675 2359 init
709 2319 754 2359 in
792 2332 922 2372 parco
957 2318 1007 2359 de
1030 2318 1271 2359 Wodeham
1307 2317 1415 2358 vidit
1449 2317 1508 2357 ibi
1542 2316 1742 2358 homines
1779 2330 1879 2357 cum
1914 2317 2101 2358 arcubus
2133 2320 2175 2359 et

448 2388 634 2442 sagittis.
682 2389 742 2430 Et
765 2389 857 2442 ipse
882 2388 992 2441 fugit
1016 2388 1069 2429 ab
1093 2387 1154 2428 eis
1176 2390 1218 2428 et
1241 2386 1473 2428 mandauib
1495 2386 1724 2427 bailliuum
1747 2386 1965 2427 hundredi
1984 2402 1993 2435 ;
2018 2389 2060 2428 et
2083 2386 2174 2440 ipse

447 2458 622 2499 villatas
645 2458 880 2511 proximas,
906 2471 988 2510 que
1003 2457 1017 2479 2
1040 2458 1255 2498 venerunt
1278 2459 1319 2497 et
1343 2456 1594 2497 circuerunt
1617 2470 1799 2509 parcum
1821 2456 2065 2509 predictum
2087 2471 2095 2504 ;
2132 2459 2174 2498 et

447 2526 595 2580 plures
617 2527 911 2568 intrauerunt.
974 2527 1034 2567 Et
1057 2528 1271 2566 venerunt
1296 2525 1509 2566 sexdecim
1532 2523 1732 2566 homines
1756 2524 1807 2565 de
1829 2538 1959 2578 parco
1981 2524 2175 2578 predicto

448 2609 548 2636 611111
571 2595 758 2637 arcubus
781 2598 822 2636 et
855 2595 1040 2648 sagittis,
1065 2594 1178 2636 sicut
1209 2594 1456 2648 predictum
1489 2596 1567 2643 est,
1592 2596 1634 2635 et
1672 2594 1869 2635 tulerunt
1892 2593 2173 2635 venacionem

448 2667 635 2718 quatuor
677 2664 918 2705 bestiarum
957 2666 998 2705 et
1033 2663 1304 2705 transierunt
1347 2663 1398 2703 de
1440 2662 1512 2704 illo
1553 2676 1684 2716 parco
1727 2676 1863 2716 usque
1905 2663 1950 2703 in
1993 2676 2173 2715 parcum

448 2733 638 2787 episcopi
660 2733 838 2787 Elyens’
864 2733 908 2773 in
931 2732 1181 2773 Retindon’.
1246 2732 1305 2772 Et
1338 2731 1421 2785 ipsi
1444 2732 1707 2773 leuauerunt
1731 2746 1859 2785 super
1883 2731 1992 2787 [eos]
2015 2732 2172 2773 liuthe-

447 2803 561 2843 sium
594 2807 636 2844 et
669 2803 723 2844 ad
760 2803 993 2843 clamorem
1030 2801 1151 2841 illum
1176 2804 1391 2842 venerunt
1426 2800 1643 2842 forestarii
1681 2801 1732 2842 de
1766 2801 1917 2842 eadem
1952 2800 2099 2841 baillia
2131 2804 2172 2841 et

446 2872 713 2913 inuenerunt
751 2871 1041 2923 Reginaldum
1080 2870 1219 2910 filiuni
1255 2870 1505 2911 Baddewin’
1545 2870 1596 2910 de
1634 2870 1827 2923 Barling'
1857 2884 1955 2911 cum
1984 2870 2172 2923 quodam

800 3043 805 3060 ¹
833 3043 873 3072 22
891 3041 970 3081 ,1111)-
990 3042 1083 3071 1241.
1586 3042 1598 3058 '·'
1623 3040 1694 3071 MS.
1714 3040 1812 3079 “(1111.’
