2421 3529
477 284 570 330 100
946 295 1132 330 sELEoT
1166 295 1355 329 Fonnsr
1391 294 1744 336 INQUISITIONS

481 408 644 459 eodem,
688 407 939 450 conuocatis
982 407 1237 453 forestariis,
1270 406 1503 457 viridariis,
1548 407 1725 456 scilicet,
1764 406 1954 449 dominis
1987 407 2203 450 Mauricio

479 477 726 531 Daundely,
739 476 935 518 Iohanne
946 477 1105 526 Luuet,
1116 476 1303 517 Ricardo
1318 475 1370 517 (16
1387 475 1662 517 Audcwincle
1681 478 1722 516 61
1739 476 1927 528 Hugone
1938 476 1990 517 (16
2005 476 2198 518 Cranesl’

480 548 523 587 et
576 546 737 588 villatis
791 545 953 586 ibidem
1002 544 1403 599 propinquioribus,
1453 544 1628 594 scilicet,
1681 544 1915 594 Brixstok',
1971 545 2201 594 Stanerne,

479 615 730 664 VVelledon’,
754 613 980 664 Benifeld'‚
1013 614 1226 667 thhorp,
1263 613 1566 662 Chirchefeld’,
1599 613 1822 667 Lyueden’
1847 627 1993 655 coram
2027 613 2204 654 domino

481 684 540 724 H.
565 684 616 725 de
655 683 963 736 Goldingliam,
1004 683 1239 724 senescallo
1278 683 1449 731 foreste,
1484 681 1530 722 in
1568 681 1697 723 claris
1730 682 1780 723 de
1812 682 2049 723 Welledon'
2085 682 2203 735 apud

481 752 793 796 Wrennemere
831 751 886 794 ad
920 750 1232 805 inquirendum
1261 750 1333 804 qui
1361 750 1424 791 illi
1458 751 1764 792 malefactores
1796 751 1976 792 fuerunt
2011 752 2054 792 61
2090 752 2205 792 vnde

480 826 696 863 venerunt
719 822 760 862 et
784 834 867 874 quo
889 821 1127 862 redierunt.

570 890 803 940 Brixstok’,
827 890 986 940 iurata,
1013 889 1118 930 dixit
1142 889 1255 943 quod
1278 888 1387 930 bene
1406 887 1578 930 audiuit
1602 888 1742 929 dicere
1765 887 1880 941 quod
1902 887 2206 928 malefactores

484 960 662 1001 fuerunt
686 959 836 1001 eadem
859 959 967 1001 hora
989 959 1034 999 in
1058 959 1207 1001 eodem
1240 958 1397 1007 bosco;
1432 959 1496 999 set
1528 957 1666 1000 nescit
1699 957 1773 1011 qui
1805 956 1868 998 illi
1901 957 2094 1007 fuerunt,
2125 969 2205 998 nec

482 1029 594 1071 vnde
616 1043 695 1070 nec
717 1042 801 1082 quo
823 1028 1062 1070 redierunt.

574 1098 803 1147 Stanerne,
826 1097 984 1146 iurata,
1009 1097 1112 1139 dicit
1127 1096 1257 1139 idem.

570 1167 824 1217 VVelledon',
848 1166 1006 1216 iurata,
1026 1166 1129 1208 (11611
1152 1166 1339 1223 [1(16111].1

571 1236 782 1278 Benifeld’
807 1239 849 1278 et
871 1236 1083 1289 thhorp,
1106 1236 1263 1286 iurate,
1288 1236 1439 1277 dicunt
1461 1236 1591 1277 idem.

572 1305 875 1355 Chirchefeld’‚
900 1305 1060 1355 iurata,
1085 1305 1189 1346 dicit
1212 1304 1343 1346 idem.

571 1374 810 1430 Lyueden',
835 1373 994 1424 iurata,
1018 1373 1123 1415 dicit
1146 1373 1276 1415 idem.

571 1444 784 1486 Ricardus
806 1443 845 1485 16
867 1443 1047 1498 Harpur
1080 1443 1132 1486 (16
1163 1443 1343 1496 thorp,
1367 1443 1553 1493 iuratus,
1579 1442 1683 1484 dicit
1715 1442 1830 1496 quod
1861 1442 1970 1484 bene
2003 1442 2208 1497 intelligit

485 1514 599 1568 quod
620 1513 863 1556 Willelmus
886 1512 1141 1567 Dispensar’
1166 1512 1331 1553 domini
1364 1512 1563 1553 Nicholai
1585 1512 1637 1553 de
1666 1511 1983 1566 Bassingburn’
2019 1512 2078 1553 ibi
2109 1512 2207 1561 fuit,

484 1586 527 1625 et
568 1584 650 1625 hac
693 1582 899 1632 racione,2
933 1582 1034 1636 quia
1068 1581 1220 1624 eodem
1255 1581 1323 1622 die
1358 1580 1555 1623 obuiauit
1587 1581 1761 1622 cuidam
1805 1580 2000 1634 garcioni
2042 1580 2209 1621 domini

484 1651 683 1695 Nicholai
704 1651 898 1693 venienti
930 1651 981 1692 (16
1003 1651 1131 1692 1)0660
1153 1653 1196 1692 61
1217 1649 1414 1704 portanti
1437 1664 1571 1691 vnum
1590 1649 1795 1691 barillum
1813 1664 2001 1691 vacuum
2016 1651 2057 1691 et
2071 1664 2208 1691 vnum

484 1722 664 1776 panyer’
689 1723 731 1763 et
753 1720 1018 1774 interogauit
1042 1734 1142 1762 eum
1164 1719 1276 1762 vnde
1308 1719 1427 1762 venit
1459 1721 1501 1761 61
1533 1719 1626 1773 ipse
1659 1719 1766 1761 dixit
1799 1720 1912 1774 quod
1946 1719 1997 1761 de
2029 1733 2208 1773 carpen-

484 1790 596 1833 tario
619 1789 785 1832 domini
808 1789 888 1831 sui.

574 1859 690 1901 Dicit
713 1859 850 1901 eciam
874 1858 986 1912 quod
1008 1858 1253 1901 Willelmus
1275 1857 1390 1898 filius
1413 1857 1626 1900 Iohannis
1659 1858 1784 1899 Helle
1817 1860 1859 1899 et
1881 1857 2126 1900 Willelmus
2159 1856 2211 1897 de

486 1929 721 1979 Houcton'‚
756 1928 830 1982 qui
862 1930 965 1969 sunt
999 1928 1051 1969 (16
1083 1927 1250 1969 familia
1285 1927 1450 1969 domini
1484 1927 1683 1969 Nicholai
1706 1928 1757 1969 de
1779 1926 2114 1980 Bassingburn’‚
2149 1925 2211 1967 ibi

488 2000 681 2041 fuerunt.

575 2068 692 2109 Dicit
727 2067 864 2109 eciam
897 2067 1009 2121 quod
1042 2066 1257 2108 Robertus
1290 2066 1342 2107 de
1377 2066 1608 2119 Pangaea
1647 2065 1721 2119 qui
1756 2066 1863 2107 solet
1898 2078 1990 2106 esse
2024 2064 2210 2106 valletus

489 2136 655 2178 domini
676 2136 888 2186 Nicholai,
908 2136 967 2177 ibi
990 2137 1072 2177 fuit
1093 2151 1101 2184 3
1137 2138 1179 2177 61
1194 2135 1337 2176 adhuc
1352 2134 1472 2177 vadit
1495 2137 1537 2176 613
1558 2135 1678 2176 venit
1694 2141 1735 2176 61
1757 2137 1906 2176 manet
1928 2133 1974 2174 in
1997 2133 2211 2175 comitatu

490 2205 692 2249 Cantebr’
717 2205 833 2259 apud
855 2205 1149 2258 Abbyngton’.

578 2274 694 2315 Dicit
717 2273 853 2315 eciam
877 2273 991 2326 quod
1015 2273 1193 2315 Colinus
1220 2272 1271 2313 (16
1295 2272 1478 2326 Carleby
1500 2271 1545 2312 in
1571 2271 1832 2325 Glapthorn’
1859 2273 1900 2313 61
1922 2270 2136 2312 Ricardus
2160 2271 2211 2312 (16

489 2343 713 2386 Pateshill'
733 2356 868 2396 nepos
891 2342 1084 2384 eiusdem
1108 2341 1250 2384 Colini
1271 2341 1317 2382 in
1340 2341 1492 2382 eadem
1515 2341 1619 2383 villa
1643 2341 1704 2382 ibi
1726 2342 1918 2382 fuerunt.

578 2412 695 2454 Dicit
718 2412 855 2454 eciam
879 2412 992 2465 quod
1015 2411 1258 2454 Willelmus
1282 2410 1479 2453 seruiens
1501 2424 1684 2463 persone
1707 2409 1759 2451 (16
1780 2409 1993 2451 Benifeld'
2017 2422 2106 2449 non
2130 2408 2213 2449 fuit

490 2483 563 2532 ibi,
587 2482 688 2536 quia
711 2482 846 2523 nichil
870 2481 951 2522 scit
974 2480 1026 2522 (16
1057 2480 1200 2529 1)0660,
1225 2482 1267 2521 61
1300 2479 1403 2533 quia
1435 2479 1498 2520 illi
1529 2479 1581 2520 (16
1614 2478 1782 2520 familia
1815 2478 1982 2520 domini
2014 2476 2213 2518 Nicholai

489 2552 635 2606 ipsum
658 2551 755 2593 odio
777 2551 942 2592 habent
965 2551 1007 2591 61
1029 2549 1121 2603 ipse
1143 2562 1373 2602 nunquam
1396 2547 1638 2589 associatus
1662 2547 1744 2589 fuit
1767 2547 1842 2589 eis.

579 2620 695 2662 Dicit
718 2619 855 2661 eciam
880 2619 992 2672 quod
1015 2619 1182 2660 Alanus
1207 2618 1290 2660 Cut
1313 2631 1402 2659 non
1435 2617 1519 2659 fuit
1542 2631 1642 2658 cum
1666 2617 1727 2658 eis
1750 2631 1828 2658 1166
1853 2620 1957 2658 111116
1987 2629 2065 2657 1166
2088 2615 2211 2665 alias,

491 2690 594 2745 quia
616 2703 704 2731 non
728 2690 792 2730 est
815 2688 1057 2730 associatus
1081 2686 1156 2728 616.

579 2758 696 2800 Dicit
738 2756 873 2798 eciam
919 2755 1032 2809 quod
1073 2755 1290 2797 Radulfus
1325 2756 1375 2797 (16
1411 2755 1559 2798 Susex'
1594 2757 1636 2797 et
1667 2755 1884 2797 Robertus
1921 2754 1973 2795 (16
2014 2753 2212 2803 Α1·(161·11’,

490 2827 720 2875 forestarii,
754 2839 842 2867 non
876 2826 1053 2866 fuerunt
1085 2824 1145 2865 ibi
1178 2824 1279 2878 quia
1312 2824 1462 2866 eodem
1498 2824 1566 2865 (116
1603 2824 1685 2865 visi
1722 2825 1901 2865 fuerunt
1939 2822 1984 2864 in
2021 2821 2124 2864 villa
2161 2821 2213 2863 (16

491 2896 708 2939 Brixstok’
753 2894 809 2936 ad
850 2894 987 2935 altam
1031 2907 1194 2934 nonam
1213 2909 1222 2942 3
1269 2895 1311 2934 61
1353 2895 1452 2946 post
1486 2892 1737 2946 prandium,
1777 2892 1952 2946 quando
1984 2892 2214 2932 venatores

491 2965 784 3009 obuiauerunt
816 2962 1187 3011 malefactoribus,
1223 2961 1304 3003 visi
1339 2963 1518 3002 fuerunt
1553 2961 1670 3015 apud
1699 2961 1914 3004 Stanerne
1948 2960 2003 3001 ad
2033 2959 2212 3001 domum

492 3033 659 3077 domini
680 3031 863 3074 Henrici
885 3031 936 3073 de
959 3031 1055 3073 Den
1078 3033 1120 3072 et
1141 3030 1201 3071 ibi
1223 3032 1594 3084 pernoctauerunt
1614 3045 1623 3079 ;
1658 3032 1700 3072 61
1718 3030 1798 3071 1106
1821 3029 2105 3071 testificatum
2129 3027 2212 3069 fuit

537 3147 545 3164 ¹
571 3143 656 3176 This
674 3141 763 3174 word
781 3141 809 3173 is
826 3140 970 3173 omitted
984 3140 1019 3172 in
1038 3139 1096 3172 the
1114 3140 1185 3171 Ms.
1386 3139 1441 3171 his
1471 3142 1657 3171 statement
1691 3141 1719 3171 16
1751 3139 1917 3179 probably
1943 3140 2002 3170 not
2037 3136 2123 3177 fully
2155 3146 2209 3167 en-

537 3191 547 3207 ²
572 3188 636 3219 His
660 3196 782 3218 reason
808 3186 837 3217 is
862 3187 922 3217 not
940 3195 1018 3225 very
1035 3184 1241 3221 conclusive,
1259 3183 1318 3215 but
1387 3183 1506 3215 rolled.
