2421 3529
290 1312 307 1329 Χ
322 1311 421 1330 marc&-

291 1377 329 1397 χχ
344 1372 391 1396 sol.

290 1820 331 1852 fiij
346 1820 394 1845 sor.

292 2017 411 2042 dimidia

293 2057 395 2076 marca.

295 2092 314 2122 ij
330 2093 379 2117 sol.

299 2577 316 2594 x
329 2570 407 2595 libre.

303 2771 320 2788 x
334 2765 412 2790 libre.

516 335 606 384 131
764 348 1071 404 sELEorroNs
1106 349 1247 384 FRoM
1283 349 1386 384 THE
1421 349 1613 384 For-{EST
1644 347 1786 384 'EYRE
1822 350 1983 384 ROLLs

514 460 692 503 domino
724 461 814 515 regi
847 462 898 503 de
929 461 1277 515 transgressione
1311 461 1507 516 predicta
1539 461 1649 503 citra
1680 475 1879 503 mensem
1912 475 1938 504 a
1970 461 2038 503 die
2070 460 2239 502 Pasche

512 529 762 582 proximum
785 531 986 571 futurum
1008 530 1078 570 uel
1104 531 1210 571 tunc
1232 530 1278 571 in
1299 530 1593 584 parliamento
1614 530 1754 572 Lond’
1773 545 1783 579 ;
1818 532 1895 572 aut
1917 530 2056 572 eciam
2079 531 2238 571 extunc

515 598 640 652 plene
663 598 937 640 satisfaciant
960 598 1136 640 domino
1158 598 1262 652 regi.

603 665 749 709 Abbas
773 666 824 708 de
845 667 1019 708 Rames’
1044 667 1205 708 clamat
1228 680 1399 708 currere
1422 680 1522 707 cum
1544 665 1772 720 leporariis
1794 665 1886 708 suis
1907 665 1954 707 in
1986 665 2115 708 terris
2147 665 2238 707 suis

517 733 563 775 in
604 734 801 776 manerio
835 735 887 776 de
924 735 1124 778 Gretton’
1161 735 1277 776 infra
1310 734 1552 788 predictam
1590 749 1858 776 warennam.
1922 735 2005 787 Qui
2041 735 2161 776 venit
2195 736 2238 775 et

518 803 710 844 ostendit
733 805 900 845 cartam
938 817 1013 857 per
1047 817 1179 856 quam
1211 803 1462 844 conceditur
1494 803 1534 845 ei
1565 803 1681 857 quod
1711 804 1873 845 habeat
1905 817 2158 846 warennam
2190 803 2237 844 in

519 872 613 911 tota
635 872 752 912 terra
786 885 865 912 sua
888 872 940 913 de
962 871 1513 925 Hurstingestonhundred
1536 874 1578 913 et
1599 872 1645 912 in
1669 872 1756 913 alia
1776 873 1896 914 terra
1929 886 2009 914 sua
2041 872 2088 913 in
2109 872 2238 913 bosco

521 941 562 980 et
585 939 630 979 in
662 939 807 993 plano.
866 940 927 981 Et
950 940 1236 981 testificatum
1268 942 1333 981 est
1364 940 1479 993 quod
1511 953 1561 982 ea
1594 954 1764 993 semper
1795 940 1842 981 in
1874 954 1981 994 pace
2013 941 2239 993 hucusque

519 1020 622 1048 vsus
645 1010 723 1049 est.
787 1008 889 1049 Ideo
912 1008 1100 1062 quietus.

608 1076 868 1118 Familiares
890 1076 1074 1117 Fulconi
1097 1076 1147 1117 de
1170 1076 1455 1131 Penebrugg’,
1477 1091 1660 1131 persone
1693 1077 1745 1119 de
1770 1078 2022 1127 Staunton’,
2044 1075 2242 1119 consueti

521 1144 699 1186 fuerunt
721 1145 888 1186 intrare
910 1158 1160 1186 warennam
1183 1159 1283 1186 cum
1315 1145 1541 1199 leporariis
1573 1145 1768 1187 eiusdem
1799 1159 1983 1200 persone
2015 1148 2057 1188 et
2090 1146 2241 1198 fugare

522 1215 563 1254 et
586 1226 739 1266 capere
762 1213 928 1266 lepores
951 1213 997 1254 in
1019 1213 1170 1254 eadem
1203 1228 1335 1267 vsque
1368 1213 1423 1256 ad
1455 1228 1623 1256 annum
1654 1214 1767 1267 regis
1799 1214 2007 1256 Edwardi
2039 1213 2239 1256 duodeci-

522 1295 658 1322 mum.
722 1281 805 1333 Qui
827 1295 915 1323 non
938 1281 1071 1323 venit.
1134 1282 1236 1323 Ideo
1260 1282 1311 1323 de
1334 1295 1383 1324 eo
1406 1282 1554 1323 decem
1576 1296 1736 1324 marce.

609 1349 828 1391 Iohannes
861 1350 913 1391 de
944 1350 1039 1403 Lay
1075 1354 1143 1400 (xx
1176 1350 1269 1403 sol.)
1296 1352 1531 1392 consuetus
1561 1352 1627 1392 est
1658 1350 1826 1393 intrare
1857 1364 2108 1394 warennam
2141 1364 2240 1392 cum

522 1417 749 1475 leporariis
772 1417 862 1460 suis
885 1421 928 1461 et
951 1432 1103 1476 capere
1125 1419 1292 1475 lepores
1314 1418 1408 1462 sine
1430 1421 1642 1463 waranto.

942 1690 950 1706 ¹
976 1687 1139 1724 Adhuc
1172 1687 1229 1724 de
1261 1696 1478 1725 ‘warenna
1510 1688 1825 1733 cantebrugg',

608 1786 878 1829 Eustachius
921 1787 973 1828 de
1016 1787 1143 1829 Cotes
1189 1787 1235 1838 (ii
1268 1789 1362 1839 sol.)
1410 1789 1452 1830 et
1489 1788 1669 1842 quidam
1703 1789 1841 1831 Gosse
1890 1787 1937 1839 (ii
1971 1787 2065 1838 sol.)
2102 1787 2244 1829 socius

522 1869 628 1898 suus
651 1857 848 1898 consueti
870 1859 973 1898 sunt
995 1855 1161 1898 intrare
1183 1849 1435 1899 warennam
1450 1871 1550 1899 curn
1572 1858 1771 1899 rethibus
1786 1860 1829 1899 et
1852 1871 2004 1911 capere
2026 1857 2246 1910 pluuerios

523 1928 564 1967 et
585 1925 839 1966 huiusmodi
856 1925 870 1948 2
891 1925 1104 1966 volatilia,
1163 1925 1223 1967 Et
1245 1939 1334 1967 non
1356 1928 1572 1968 venerunt
1594 1941 1673 1967 nec
1696 1927 1876 1967 fuerunt
1899 1925 2144 1968 attachiati.

611 1993 896 2035 Laurencius’
935 1994 1096 2036 Seman
1139 1994 1190 2035 de
1228 1994 1452 2047 Cantbrig’
1495 1995 1694 2046 (dimidia
1726 1999 1890 2046 marca)
1937 1997 1978 2036 et
2015 1994 2244 2035 Michaelis

525 2060 704 2115 Serippo
727 2062 778 2102 de
801 2062 1065 2103 Bernewelle
1091 2062 1134 2115 (ij
1160 2061 1272 2112 sol.),
1296 2063 1494 2104 consueti
1526 2065 1629 2104 sunt
1662 2063 1828 2104 intrare
1861 2076 2111 2104 warennam
2144 2076 2245 2103 cum

524 2129 722 2171 rethibus
745 2131 787 2170 et
822 2130 978 2171 sewell'
1001 2132 1043 2171 et
1078 2144 1230 2183 capere
1264 2131 1473 2172 volatiliae
1551 2131 1633 2183 Qui
1665 2145 1754 2173 non
1787 2131 1965 2172 fuerunt
1997 2130 2246 2172 attachiati.

525 2197 628 2238 Ideo
650 2197 695 2237 in
717 2197 1029 2239 misericordia.

614 2265 829 2307 Homines
853 2268 895 2307 et
918 2265 1155 2308 familiares
1178 2266 1355 2309 Ricardi
1377 2267 1549 2309 abbatis
1573 2267 1624 2309 de
1647 2266 1892 2322 Croylande
1925 2266 1998 2321 qui
2029 2280 2147 2308 nunc
2180 2269 2247 2309 est

526 2348 601 2388 per
620 2334 834 2376 adventus
859 2349 959 2376 suos
975 2336 1091 2388 apud
1115 2337 1374 2387 Cotenham,
1391 2336 1590 2378 videlicet
1606 2339 1708 2378 ante
1723 2351 1892 2379 annum
1909 2336 2023 2390 regis
2040 2330 2248 2378 Edwardi

528 2402 833 2444 duodecimum
885 2404 1083 2445 consueti
1134 2405 1313 2446 fuerunt
1365 2405 1532 2447 intrare
1583 2419 1835 2447 warennam
1877 2419 1978 2447 cum
2019 2404 2247 2459 leporariis

529 2472 723 2513 eiusdem
755 2472 926 2513 abbatis
968 2475 1010 2514 et
1054 2473 1204 2526 fugare
1245 2476 1288 2516 et
1330 2488 1484 2528 capere
1525 2475 1693 2529 lepores
1734 2475 1781 2516 in
1823 2475 1989 2516 eadem.
2051 2474 2154 2516 Ideo
2197 2474 2249 2514 de

529 2539 724 2594 predicto
746 2540 914 2581 Abbate
938 2541 1085 2582 decem
1108 2542 1229 2583 libre.

617 2607 863 2651 Willelmus
886 2609 937 2650 de
970 2610 1203 2662 Rothinge,
1226 2612 1421 2665 tempore
1444 2625 1528 2665 quo
1560 2611 1644 2653 fuit
1666 2611 1919 2662 vicecomes,
1944 2613 1986 2653 et
2009 2610 2248 2653 familiares

531 2676 599 2717 sui
621 2690 719 2717 cum
741 2676 966 2729 leporariis
989 2677 1183 2719 eiusdem
1207 2679 1472 2732 fugauerunt
1494 2683 1536 2722 et
1559 2683 1768 2734 ceperunt
1791 2681 1958 2734 lepores
1981 2679 2027 2720 in
2044 2692 2250 2722 warenna

530 2745 739 2798 predicta.
802 2745 909 2787 Ideo
929 2746 980 2787 de
1003 2760 1051 2788 eo
1074 2747 1222 2788 decem
1244 2748 1367 2789 libre.

619 2814 683 2854 De
705 2814 870 2855 Leonio
892 2814 1112 2869 Dennyng
1134 2830 1213 2869 pro
1235 2817 1585 2870 transgressione
1607 2816 1654 2858 in
1676 2830 1884 2859 warenna
1915 2815 2126 2870 predicta,
2159 2829 2249 2857 una

532 2895 697 2923 marca.

620 2950 685 2991 De
708 2950 876 2992 Thoma
898 2950 1055 2992 Bakun
1078 2951 1130 2993 de
1161 2952 1407 3003 Lanbeche,
1440 2953 1633 2995 Henrico
1664 2953 1702 2994 le
1734 2954 1844 3003 ΚΘΗ,
1878 2952 2045 3006 Rogero
2076 2952 2175 2994 Flet
2207 2954 2250 2994 et

533 3019 725 3060 Hemico
747 3020 886 3073 Bolby
903 3033 980 3073 pro
1004 3021 1351 3074 transgressione
1365 3023 1611 3064 volatilium
1633 3036 1734 3064 cum
1762 3022 1960 3063 rethibus
1982 3021 2028 3062 in
2045 3034 2251 3064 warenna

533 3087 760 3139 p1·edicta.³

604 3237 610 3253 ¹
635 3237 711 3269 Bon
729 3239 747 3268 3
766 3238 801 3269 in
819 3238 928 3270 dorso„
1124 3238 1194 3272 MS„
1212 3240 1326 3271 kuina
1462 3242 1472 3260 ²
1498 3238 1569 3272 The
1586 3242 1727 3282 penalty
1744 3239 1772 3274 is
1791 3243 1850 3273 not
1869 3238 2031 3282 specified
2048 3240 2083 3272 in
2101 3238 2159 3273 the
2177 3239 2251 3272 roll.
