2421 3529
266 456 344 481 alibi.

266 489 373 514 iniseri-

269 524 372 548 cordie.

271 570 412 600 Regarda-

268 607 352 629 tOl'eS.

271 927 302 957 iij
319 933 412 950 marce
424 933 431 955 ;

272 960 399 990 dimidia,

269 994 312 1023 iiij
328 1001 349 1017 s.

274 1027 380 1051 miseri-

275 1060 380 1084 cordia.

278 1368 297 1398 ij
313 1375 333 1392 s.

278 1720 377 1749 gaollc,

283 2273 404 2298 dimidia

283 2314 387 2332 marca.

499 225 559 271 25
753 235 1062 272 SELECTIONS
1096 235 1237 270 FROM
1273 235 1376 270 THE
1411 236 1602 271 FOREST
1637 237 1774 271 EYRE
1811 238 1970 274 ROLLS

499 348 595 389 ideo
618 348 760 390 dictus
786 349 1039 402 Stephanus
1062 349 1164 390 inde
1186 348 1269 389 fuit
1292 348 1466 402 quietus
1489 363 1636 391 coram
1659 350 1902 392 forestariis
1926 353 1968 393 et
1990 350 2226 394 viridariis.

500 417 561 458 Et
583 417 742 458 catalla
764 417 857 458 eius
879 418 953 459 illa
982 417 1208 459 occasione
1240 417 1479 460 confiscata
1510 418 1549 459 ei
1580 418 1764 460 liberata
1787 420 1982 462 fuerunt.
2043 421 2104 462 Et
2127 420 2229 473 quia

502 486 694 540 predicte
715 485 863 527 villate
885 500 975 527 non
997 488 1212 528 venerunt
1236 488 1316 527 etc.
1339 501 1348 535 ;
1382 486 1478 528 ideo
1500 486 1546 527 in
1569 486 1882 529 misericordia.

592 555 811 597 Henricus
854 556 905 597 de
949 555 1260 597 Folkesworth'
1303 558 1520 608 (pauper),
1564 556 1808 598 Willelmus
1852 557 2029 599 Cardun
2074 557 2228 609 (alibi),

504 624 718 666 Ricardus
740 625 792 666 de
815 625 1021 678 Gidding’
1050 624 1248 675 (dimidia
1279 629 1463 674 marca),
1497 625 1719 667 Henricus
1742 626 1793 667 de
1818 627 2006 669 Stiuecle
2032 627 2230 678 (dimidia

504 696 686 745 marca),
719 694 981 735 Vincencius
1014 694 1066 735 de
1103 694 1254 736 Stanle
1290 693 1324 747 (j
1361 698 1544 743 marca),
1582 694 1734 736 Simon
1771 696 1810 737 le
1852 696 1986 737 Noble
2032 696 2229 747 (dimidia

505 767 688 815 marca),
713 764 928 806 Radulfus
950 765 1097 818 Dyscy
1121 764 1172 806 de
1194 764 1508 806 Folkesworth'
1538 765 1737 816 (dimidia
1771 770 1954 816 marca),
1984 766 2229 807 Willelmus

505 834 643 875 Heest
666 834 717 875 de
749 834 1005 887 Billington’
1033 835 1076 888 (ij
1102 838 1155 886 s),
1187 834 1407 876 Henricus
1431 834 1482 876 de
1506 835 1808 877 Bukesworth’
1836 836 1880 889 (ij
1907 840 1959 886 s),
1983 836 2230 877 Willelmus

507 904 559 945 de
600 905 839 946 Alcumbir’
890 909 1104 958 (pauper),
1148 904 1393 946 Willelmus
1446 905 1497 946 de
1549 905 1744 947 Weston’
1793 905 1993 956 (dimidia
2045 909 2231 955 marca),

504 973 748 1015 Willelmus
770 974 988 1027 Heldegar
1015 972 1147 1024 (alibi)
1174 974 1475 1027 regardatores
1506 989 1595 1016 non
1628 974 1913 1017 reddiderunt
1936 975 2103 1017 rotulos
2127 989 2229 1017 suos

506 1042 650 1096 primo
673 1042 754 1093 die,
779 1042 874 1085 ideo
897 1057 1049 1085 omnes
1072 1043 1116 1084 in
1141 1043 1454 1086 misericordia.

1093 1208 1099 1224 ¹
1115 1207 1280 1242 Adhuc
1307 1207 1362 1241 de
1387 1207 1650 1242 venacione.

597 1291 906 1332 Presentatum
922 1292 986 1331 est
1001 1304 1076 1343 per
1095 1289 1345 1331 forestarios
1364 1292 1405 1331 et
1420 1289 1649 1331 viridarios
1668 1290 1781 1344 quod
1803 1290 2047 1332 Willelmus
2062 1290 2234 1331 Berich’

514 1359 555 1413 (ij
582 1365 615 1410 s)
647 1360 805 1412 hospes
840 1359 1052 1400 Normani
1087 1360 1304 1412 Sampson
1339 1359 1558 1400 forestarii
1592 1360 1752 1413 eques2
1783 1359 1940 1401 habuit
1975 1360 2085 1401 duas
2122 1360 2236 1401 filias

509 1432 664 1471 euntes
688 1429 871 1482 singulis
895 1429 1046 1470 diebus
1068 1428 1114 1469 in
1137 1428 1368 1481 Wauberg'
1394 1430 1435 1469 et
1467 1428 1569 1469 inde
1601 1431 1828 1482 portantes
1852 1429 2014 1470 siccum
2037 1432 2078 1471 et
2101 1429 2238 1470 viride

510 1499 627 1552 apud
649 1499 789 1540 Hunt’
820 1499 875 1540 ad
912 1498 1224 1546 uendendum;
1260 1501 1302 1539 et
1335 1497 1436 1539 inde
1470 1500 1672 1540 emerunt
1703 1498 1846 1539 cibum
1872 1498 1975 1540 dicti
1999 1498 2236 1547 Normani;

511 1571 553 1610 et
576 1568 690 1621 quod
712 1568 828 1608 idem
843 1567 1089 1609 Willelmus
1111 1567 1266 1609 habuit
1290 1567 1440 1609 aueria
1464 1581 1543 1609 sua
1558 1567 1604 1608 in
1626 1567 1859 1621 Wauberg’
1885 1567 1996 1609 sicut
2015 1568 2054 1609 ei
2076 1568 2238 1622 placuit

511 1652 561 1680 ex
582 1637 869 1691 permissione
893 1636 996 1679 dicti
1020 1637 1247 1678 Normani.
1311 1637 1393 1689 Qui
1410 1636 1655 1679 Willelmus
1673 1637 1793 1680 venit
1816 1640 1858 1680 et
1880 1652 1969 1679 non
1991 1638 2136 1691 potuit
2158 1638 2239 1679 hoc

512 1707 721 1757 dedicere,
746 1707 842 1749 ideo
865 1707 1170 1748 committatur
1193 1707 1331 1760 gaolle
1355 1710 1434 1748 etc.

600 1777 812 1830 Magister
841 1777 1058 1818 Robertus
1092 1777 1131 1818 le
1163 1777 1304 1818 Baud'
1338 1776 1389 1817 de
1421 1776 1639 1830 hospitale
1676 1777 1898 1818 Huntind'
1934 1776 2055 1818 venit
2093 1791 2239 1818 coram

512 1847 766 1889 iusticiariis
801 1849 842 1887 et
881 1846 1089 1899 allegauit
1118 1845 1265 1887 dicens
1304 1846 1417 1899 quod
1450 1845 1654 1887 dominus
1691 1859 1765 1887 rex
1796 1860 1885 1887 non
1909 1845 2058 1887 debuit
2080 1846 2241 1887 habere

513 1916 861 1958 attachiamenta
899 1916 950 1956 de
972 1915 1101 1956 viridi
1135 1918 1177 1957 et
1210 1915 1471 1963 venacione;
1506 1917 1548 1956 et
1583 1915 1697 1968 quod
1733 1929 1812 1957 nec
1846 1915 2065 1957 forestarii
2101 1929 2240 1968 neque

513 1985 710 2027 viridarii
732 1985 890 2026 debent
924 1984 1100 2038 aliquod
1137 1984 1534 2026 attachiamentum
1571 1984 1672 2025 inde
1710 1985 1850 2026 facere
1873 1984 1919 2025 111
1941 1985 2044 2025 villa
2066 1984 2207 2025 Hunt'
2229 1999 2238 2033 ;

515 2059 557 2098 et
594 2055 674 2097 hoc
707 2055 844 2096 voluit
881 2054 1003 2095 omni
1036 2054 1165 2095 modo
1198 2054 1428 2103 sustinere,
1459 2053 1522 2095 ita
1560 2054 1674 2107 quod
1708 2056 1884 2108 propter
1918 2053 2242 2107 garulacionem

516 2139 641 2167 suam
677 2124 797 2166 curia
826 2126 946 2165 mota
982 2123 1065 2165 fuit
1102 2126 1145 2165 et
1181 2123 1361 2177 negocia
1388 2123 1555 2165 domini
1592 2124 1705 2176 regis
1737 2124 1960 2178 inpedita;
1994 2123 2089 2165 ideo
2127 2138 2241 2165 com-

514 2194 707 2236 mittitur
745 2194 895 2247 gaolle.
970 2193 1128 2234 Postea
1162 2192 1334 2234 inuenit
1368 2192 1533 2246 plegios
1568 2193 1816 2235 Gilbertum
1855 2194 1907 2235 de
1941 2193 2163 2247 Wepston'
2201 2195 2243 2234 et

514 2265 760 2306 Iohannem
783 2263 938 2304 Russel
961 2263 1013 2305 de
1036 2262 1249 2305 Grafflia’.
1312 2264 1470 2304 Postea
1492 2265 1669 2305 taxatur
1691 2264 1746 2305 ad
1769 2263 1996 2305 dimidiam
2019 2276 2230 2304 marcam.

768 2483 789 2502 ἑὲ
970 2482 992 2502 'k
1170 2481 1191 2501 3*st
1372 2482 1393 2502 ἐξ
1574 2482 1594 2501 θέ-
1775 2482 1796 2501 -ϊὲ
1977 2481 1997 2500 ³}

609 2557 795 2599 3Villate
837 2556 889 2597 de
930 2555 1143 2605 Elinton,’
1177 2555 1452 2608 Brampton’,
1491 2555 1636 2596 Parua
1681 2554 1873 2604 Stiuecl',
1918 2556 1960 2595 et
2006 2553 2244 2595 Alcumbir’

521 2626 704 2668 veniunt
727 2628 768 2667 et
793 2625 943 2666 dicunt
978 2625 1092 2678 quod
1130 2625 1269 2665 solent
1292 2627 1334 2666 et
1358 2625 1516 2666 debent
1553 2625 1714 2666 habere
1748 2637 2029 2666 communam
2052 2622 2249 2676 herbagii

522 2696 568 2737 in
591 2695 822 2748 Wauberg'
848 2694 903 2735 ad
926 2694 1075 2735 omnia
1093 2694 1242 2735 aueria
1266 2708 1369 2743 sua3
1405 2708 1454 2735 eo
1477 2694 1591 2747 quod
1615 2696 1728 2735 terre
1747 2708 1823 2735 sue
1846 2693 2033 2734 arabiles
2055 2694 2097 2734 et
2120 2696 2249 2746 prata

525 2779 604 2807 sua
646 2764 863 2806 falcabilia
892 2763 1131 2804 extendunt
1175 2777 1219 2804 se
1263 2766 1305 2804 et
1342 2763 1550 2804 abuttant
1586 2777 1715 2816 super
1759 2762 2027 2804 dominicum
2069 2762 2249 2803 boscum

525 2833 691 2875 domini
724 2832 838 2885 regis
874 2832 925 2873 de
963 2831 1210 2884 Wauberg‘‚
1248 2845 1329 2884 que
1367 2834 1479 2872 terre
1517 2833 1559 2872 et
1596 2833 1724 2884 prata
1761 2833 1994 2872 vastantur
2028 2845 2104 2884 per
2137 2831 2250 2872 feras

526 2902 694 2945 domini
730 2902 857 2955 regis,
896 2901 958 2943 ita
993 2901 1107 2954 quod
1144 2901 1315 2942 nullum
1354 2900 1453 2942 inde
1488 2901 1653 2942 habent
1697 2900 1943 2954 proficuum
1977 2914 2056 2942 nec
2090 2901 2251 2941 habere

526 2974 736 3026 possunt;
772 2974 814 3012 et
849 2985 899 3012 ea
937 2970 1162 3012 occasione
1185 2970 1437 3011 habuerunt
1460 2984 1743 3011 communam
1777 2970 2021 3024 predictam
2054 2972 2251 3023 tempore

525 3054 679 3094 regum
701 3040 1056 3094 predecessorum
1080 3039 1246 3080 domini
1274 3039 1387 3092 regis
1409 3053 1553 3088 nunc;
1589 3042 1630 3080 et
1653 3039 1790 3081 eciam
1813 3052 1929 3081 anno
1953 3038 2106 3091 quinto
2128 3038 2251 3092 regni

572 3134 578 3150 ¹
605 3131 681 3163 Roll
699 3133 729 3167 5,
749 3131 782 3161 in
801 3131 909 3161 dorso.
1023 3130 1034 3147 '·'
1059 3129 1143 3160 This
1162 3129 1251 3160 word
1269 3129 1298 3160 is
1317 3140 1352 3161 so
1371 3130 1535 3161 extended
1555 3130 1589 3160 111
1608 3129 1666 3161 the
1684 3129 1758 3161 roll.
1865 3131 1876 3147 ³
1900 3129 1976 3161 Roll
1993 3131 2022 3162 4,
2042 3129 2076 3160 in
2095 3129 2204 3160 dorso.
