2421 3529
538 246 631 292 106
1000 258 1186 293 snLEcT
1220 258 1409 293 FoREsr
1446 259 1798 302 1NQU1s1T10Ns

544 383 678 411 vnam
711 368 888 411 damam
919 371 962 412 et
993 384 1130 412 vnum
1163 372 1352 413 fetonem
1385 370 1504 413 dami
1534 371 1831 413 masculinum
1864 369 1993 413 Vnius
2031 370 2138 413 anni
2170 385 2271 413 cum

545 438 774 491 leporariis
797 438 887 479 suis
910 439 961 479 de
985 439 1099 481 dono
1122 439 1290 480 domini
1311 440 1439 493 regis.

634 507 715 548 Per
733 507 878 548 breue.
939 507 1150 560 Magister
1174 507 1326 549 Simon
1349 508 1401 549 de
1423 508 1629 551 Wauton’
1664 507 1765 550 fecit
1794 521 1945 562 capere
1967 507 2013 549 in
2035 509 2197 550 foresta
2221 508 2273 550 de

549 575 828 629 Rokingham
859 575 905 616 in
933 576 1174 617 Februario
1207 590 1323 617 anno
1355 577 1507 618 eodem
1540 579 1635 618 octo
1665 577 1818 618 damas
1845 579 1886 618 et
1909 578 2097 630 quatuor
2121 577 2274 618 damos

546 644 670 686 viuos
693 645 744 685 de
760 644 872 685 dono
889 643 901 666 1
925 644 1091 685 domini
1113 644 1227 698 regis
1250 645 1305 686 ad
1326 659 1507 699 parcum
1524 659 1653 687 suum
1668 645 2024 687 instaurandum.
2077 646 2138 687 Et
2159 659 2272 688 Vnus

552 712 769 766 capriolus
791 712 986 754 vlterius.

636 781 718 822 Per
740 781 885 822 breue.
947 781 1165 823 Dominus
1187 782 1405 824 Robertus
1427 783 1584 825 Basset
1600 782 1713 837 cepit
1736 783 1782 824 in
1807 783 1960 825 eadem
1984 783 2144 825 foresta
2166 783 2275 825 duas

550 849 704 891 damas
727 850 781 891 ad
803 864 911 903 opus
935 851 1079 892 uxoris
1103 850 1269 892 domini
1291 851 1471 893 Roberti
1493 852 1545 893 de
1558 852 1719 894 Mares'
1739 853 1806 893 die
1821 852 1835 875 '²
1857 852 2067 893 Mercurii
2080 851 2277 905 proxima

549 921 646 973 post
669 920 831 962 festum
854 920 995 962 sancti
1020 920 1188 962 Mathie
1210 921 1396 974 apostoli
1418 935 1534 963 anno
1557 922 1707 963 eodem
1730 921 1782 963 de
1800 921 1913 963 dono
1927 921 1942 944 3
1960 920 2126 963 domini
2146 920 2275 975 regis.

638 1053 834 1095 ⁴²Accidit
872 1053 967 1095 die5
1004 1054 1160 1096 Martis
1193 1054 1391 1108 proxima
1423 1057 1525 1096 ante
1556 1053 1836 1096 Dominicam
1876 1054 2130 1096 Palmarum
2159 1067 2276 1096 anno

551 1122 702 1164 eodem
723 1123 839 1164 infra
867 1125 1041 1164 noctem
1073 1123 1187 1176 quod
1219 1123 1463 1165 Willelmus
1496 1124 1547 1164 de
1570 1123 1704 1174 Rode,
1730 1123 1986 1165 forestarius
2009 1123 2202 1177 pedites⁶
2224 1123 2277 1165 de

550 1205 694 1245 parco,
727 1191 845 1233 venit
887 1191 933 1231 in
964 1191 1067 1232 villa
1099 1191 1150 1233 de
1191 1191 1408 1233 Brixstok'
1443 1191 1506 1234 ita
1549 1192 1663 1245 quod
1694 1191 1892 1234 obuiauit
1925 1191 2122 1234 Galfrido
2154 1192 2277 1235 Catel

551 1260 603 1302 de
626 1260 777 1301 eadem
800 1262 841 1301 et
864 1260 993 1301 Petro
1014 1260 1138 1314 Welp
1161 1260 1430 1302 intrantibus
1462 1261 1626 1302 villam.
1687 1261 1747 1302 Et
1770 1260 1995 1303 Galfridus
2017 1261 2119 1302 tulit
2141 1275 2276 1303 Vnam

551 1329 727 1370 damam
750 1329 967 1382 integram
990 1329 1245 1371 wineratam
1268 1343 1344 1382 per
1372 1329 1566 1370 medium
1595 1330 1736 1384 capud
1765 1344 1865 1371 cum
1888 1330 2078 1383 quadam
2101 1329 2276 1384 sagitta.

546 1396 607 1437 Et
633 1396 774 1436 dictus
798 1396 1040 1438 Willelmus
1063 1396 1175 1449 cepit
1207 1396 1374 1437 dictum
1407 1396 1657 1438 Galfridum
1690 1398 1732 1438 et
1764 1396 2031 1449 interogauit
2063 1410 2177 1446 eum,
2201 1395 2277 1437 ubi

548 1465 704 1507 habuit
727 1464 889 1506 dictam
914 1465 1116 1514 damam3
1151 1467 1194 1506 et
1216 1465 1307 1519 ipse
1331 1466 1438 1507 dixit
1461 1465 1575 1519 quod
1597 1465 1778 1507 venitin
1800 1479 1930 1519 parco
1949 1465 2066 1519 apud
2087 1465 2276 1507 Hassok’

548 1535 699 1576 eodem
732 1534 800 1576 die
832 1536 874 1575 et
905 1534 1077 1576 inuenit
1115 1535 1279 1576 dictam
1317 1535 1494 1576 damam
1527 1537 1750 1577 mortuam
1792 1534 1839 1575 in
1873 1548 1983 1576 caua
2021 1548 2197 1588 quemn,
2233 1536 2276 1576 et

549 1604 681 1646 traxit
703 1604 825 1645 iilam
847 1603 892 1644 in
916 1604 1135 1657 quendam
1158 1605 1400 1653 dumetum,
1425 1607 1467 1645 et
1490 1604 1672 1646 accessit
1702 1604 1757 1646 ad
1789 1603 1939 1645 villam
1971 1604 2024 1645 de
2056 1603 2273 1646 Brixstok’

546 1676 587 1715 et
610 1672 807 1715 obuiauit
822 1672 1013 1714 Iohanni
1027 1673 1226 1722 Prentut,
1243 1672 1471 1714 forestario
1493 1672 1642 1726 equiti,
1659 1674 1701 1714 et
1725 1671 1876 1715 Colino
1902 1672 1954 1714 de
1977 1671 2275 1726 Geytington’,

549 1742 777 1784 forestario
799 1742 947 1796 pediti,
972 1744 1014 1784 et
1037 1742 1202 1783 Thome
1227 1742 1362 1791 Stule‚
1386 1742 1579 1795 garcioni
1602 1741 1815 1783 Iohannis
1847 1742 2048 1791 Prentut,
2072 1743 2114 1783 et
2147 1742 2276 1783 Petro

549 1813 686 1866 well),
712 1812 786 1866 qui
808 1813 1095 1866 perceperimt
1113 1826 1242 1865 super
1261 1826 1361 1853 eum
1378 1811 1517 1865 pilum
1535 1810 1776 1852 bestialem.
1838 1810 1898 1851 Et
1913 1810 2276 1864 interogauerunt

548 1896 649 1924 eum
681 1882 794 1923 vnde
826 1881 897 1923 ille
928 1881 1043 1934 pilus
1076 1880 1172 1922 fuit.
1235 1881 1296 1922 Et
1328 1880 1420 1934 ipse
1453 1880 1559 1922 dixit
1591 1880 1705 1933 quod
1737 1879 1910 1921 inuenit
1941 1893 2075 1920 Vnam
2098 1879 2276 1920 damam

547 1953 770 1992 mortuam
801 1950 847 1991 in
878 1963 1010 2004 parco
1042 1952 1084 1992 et
1117 1963 1214 1991 eam
1246 1949 1488 1992 abscondit.
1549 1949 1611 1990 Et
1643 1947 1727 2002 ipsi
1759 1947 2057 2002 promiserunt
2089 1947 2128 1989 ei
2160 1947 2276 2001 quod

548 2034 776 2073 nunquam
812 2019 993 2061 haberet
1036 2018 1136 2060 inde
1180 2019 1362 2068 malum,
1399 2018 1665 2067 condicione,
1699 2017 1815 2071 quod
1857 2017 2082 2058 reduceret
2117 2030 2188 2058 eos
2220 2017 2276 2058 ad

549 2089 727 2130 damam
759 2088 1015 2142 predictam.
1077 2088 1138 2129 Et
1170 2087 1263 2141 ipse
1295 2087 1539 2129 retornauit
1572 2087 1734 2128 ducens
1769 2100 1841 2128 eos
1874 2086 1929 2128 ad
1961 2086 2153 2127 damam.
2215 2085 2276 2127 Et

547 2158 631 2211 ipsi
653 2157 964 2211 preceperunt⁷
986 2156 1025 2198 ei
1047 2157 1159 2198 ferre
1180 2156 1425 2210 predictam
1448 2156 1627 2197 damam
1650 2156 1705 2197 ad
1730 2156 1910 2197 domum
1933 2154 2052 2196 Petri
2073 2155 2197 2209 Welp
2229 2154 2276 2196 in

549 2227 765 2268 Brixstok’
790 2228 832 2268 et
855 2225 1151 2279 promiserunt
1174 2225 1213 2266 ei
1236 2226 1413 2278 spaulas
1436 2227 1478 2267 et
1502 2225 1676 2266 collum.

637 2296 794 2337 Postea
816 2295 883 2336 die
899 2295 912 2317 s
931 2294 1048 2335 Iouis
1071 2293 1267 2347 proxima
1291 2293 1504 2347 sequenti,
1529 2292 1780 2335 conuocatis
1799 2292 2040 2335 forestariis
2057 2291 2275 2335 viridariis

551 2366 592 2406 et
616 2366 802 2418 quatuor
835 2362 1014 2412 villatis,
1050 2362 1227 2412 scilicet,
1264 2362 1496 2412 Brixstok',
1523 2362 1751 2411 Stanerne,
1782 2362 1983 2405 Grafton’
2010 2362 2052 2403 et
2088 2360 2274 2415 Suburg’

551 2433 667 2487 apud
689 2432 899 2482 Brixtok’‚
924 2431 978 2473 ad
1000 2431 1335 2485 inquisicionem
1358 2445 1488 2485 super
1509 2431 1591 2473 hoc
1615 2431 1874 2473 faciendam.

638 2501 871 2550 Brixstok’,
895 2501 1054 2550 iurata,
1079 2499 1183 2542 dicit
1214 2514 1290 2554 per
1325 2502 1650 2542 sacramentum
1683 2514 1812 2541 suum
1845 2499 1960 2554 quod
1991 2499 2101 2541 bene
2130 2498 2274 2541 sciunt

551 2571 665 2625 quod
687 2571 829 2612 dictus
847 2570 1070 2612 Galfridus
1093 2568 1264 2610 inuenit
1286 2569 1529 2622 predictam
1552 2568 1729 2610 damam
1746 2570 1969 2610 mortuam
1988 2570 2052 2609 set
2073 2567 2275 2609 nesciunt

552 2641 648 2694 quis
671 2653 768 2682 eam
790 2639 957 2688 occidit,
976 2640 1018 2680 et
1041 2638 1156 2692 quod
1171 2638 1313 2679 dictus
1329 2637 1552 2681 Galfridus
1567 2637 1705 2679 voluit
1727 2637 1880 2679 tulisse
1898 2650 1995 2678 eam
2017 2636 2073 2678 ad
2095 2636 2275 2677 domum

552 2722 678 2751 suam
710 2707 934 2762 propriam
961 2709 1003 2748 et
1025 2721 1113 2749 non
1146 2707 1201 2748 ad
1233 2707 1413 2748 domum
1436 2706 1556 2748 Petri
1578 2707 1714 2760 Welp.
1777 2706 1838 2748 Et
1860 2705 2011 2747 dicunt
2032 2718 2108 2758 per
2131 2718 2275 2745 sacra-

548 2780 749 2820 mentum
782 2790 911 2818 suum
945 2776 1060 2829 quod
1094 2776 1202 2817 bene
1240 2775 1383 2817 sciunt
1406 2774 1520 2829 quod
1552 2777 1696 2817 totum
1728 2775 1890 2816 falsum
1917 2776 2033 2816 esset
2070 2773 2274 2827 quicquid

596 2878 602 2894 ¹
628 2878 679 2917 By
708 2876 825 2907 letters
857 2874 948 2906 close
980 2874 1082 2906 dated
1113 2876 1153 2906 27
1186 2874 1374 2905 December
1445 2873 1541 2916 12523.
1590 2874 1652 2905 See
1670 2873 1767 2905 Close
1783 2872 1861 2905 Ron
1878 2873 1930 2910 67,
1948 2882 1993 2903 m.
2012 2873 2064 2904 17.

549 2922 645 2957 1252,
664 2919 846 2951 addressed
875 2922 909 2950 to
935 2918 1039 2958 Hugh
1066 2919 1101 2950 of
1129 2918 1373 2958 Goldingham,
1490 2919 1500 2936 ⁴
1526 2918 1588 2949 See
1603 2927 1636 2958 p.
1655 2918 1696 2948 35
1715 2917 1830 2948 above.
1959 2917 1971 2934 ⁵
1994 2917 2014 2946 8
2030 2914 2127 2955 April
2145 2916 2240 2945 1253.

550 2965 626 2996 who
644 2966 673 2995 is
691 2963 865 2995 described
882 2963 917 2993 in
934 2961 1030 2993 them
1048 2972 1085 2993 as
1103 2962 1247 2992 steward
1264 2963 1298 2992 of
1316 2962 1374 2992 the
1490 2963 1502 2979 ⁶
1519 2961 1592 2992 The
1605 2961 1679 2992 first
1690 2961 1754 2992 five
1767 2961 1884 2991 letters
1896 2959 1977 3000 only
1988 2959 2022 2991 of
2034 2959 2105 2989 this
2116 2958 2205 2989 word
2217 2968 2274 2989 are

550 3009 655 3040 forest
671 3008 706 3039 of
722 3006 970 3046 Rockingham.
1019 3006 1080 3038 See
1105 3005 1203 3037 Close
1227 3005 1305 3037 Roll
1321 3006 1374 3043 67,
1446 3005 1581 3065 ‘written
1598 3005 1643 3062 in,
1651 3004 1710 3036 the
1727 3003 1952 3044 manuscript.
1998 3003 2049 3034 Its
2066 3002 2165 3034 usual
2182 3002 2271 3033 form

550 3062 605 3114 m}
614 3053 671 3126 22}ss
687 3094 861 3134 February
879 3092 973 3135 125}
1445 3058 1476 3080 IS
1490 3094 1501 3110 ⁷
1517 3047 1898 3131 Iit‘i({‹.÷s‘¹p1·‹÷ciuuerunt.¹

594 3140 605 3157 ³
628 3140 679 3180 By
710 3139 828 3169 letters
871 3138 961 3169 close
993 3136 1094 3168 dated
1130 3137 1169 3167 15
1202 3135 1376 3176 February
1493 3136 1504 3152 ⁸
1529 3136 1570 3167 10
1587 3135 1681 3175 April
1701 3136 1796 3166 1253.
