2421 3529
216 472 381 502 exigantur.

217 540 359 562 mortuus.

218 603 406 627 condonatur.

221 669 352 699 vtlagati.

446 266 506 311 66
703 278 1010 314 snLEcrroNs
1045 279 1183 313 FROM
1220 279 1323 313 THE
1360 279 1550 314 FOREST
1587 278 1724 312 EYRE
1762 278 1920 312 R01,Ls

447 403 535 431 non
573 392 678 432 sunt
700 390 887 443 inuenti,
912 406 990 434 nec
1014 391 1178 446 aliquid
1209 392 1374 434 habent
1401 406 1477 446 per
1511 391 1625 445 quod
1655 392 1766 441 etc„¹
1790 405 1868 433 nec
1903 391 2026 446 prius
2061 393 2175 442 etc.,²

448 472 528 500 nec
552 458 717 500 scitur-¹
743 463 839 510 etc„
864 461 961 503 ideo
993 460 1238 514 exigantur.
1300 461 1361 502 Et
1398 460 1620 515 predictus
1661 459 1912 513 Stephanus
1946 460 2175 515 Flemyng’

450 530 651 569 mortuus
674 531 764 578 est3
800 530 896 572 ideo
920 530 971 571 de
1004 544 1053 571 eo
1085 529 1235 570 nichil.
1298 530 1359 571 Et
1394 531 1547 583 postea
1583 528 1806 583 predictus
1840 530 1971 583 Hugo
1994 530 2176 571 eductus

452 599 517 638 est
541 611 566 638 a
587 597 777 650 prisona,
802 601 844 640 et
882 599 1157 640 condonatur
1192 597 1294 650 quia
1326 612 1507 651 pauper.
1569 598 1630 639 Et
1665 597 1847 651 predicti
1868 598 2113 640 Willelmus
2136 600 2178 639 et

452 666 618 708 Wilkoc
641 667 779 709 exacti
802 668 980 709 fuerunt
1002 667 1047 708 in
1066 667 1279 708 comitatu
1298 669 1339 708 et
1362 681 1450 708 non
1474 670 1843 720 comparuerunt3
1878 666 1974 709 ideo
1996 667 2180 720 vtlagati

456 737 572 776 sunt.

539 983 800 1035 ³Quesitum
823 987 888 1026 est
911 984 965 1026 ab
998 983 1203 1026 omnibus
1236 984 1453 1026 ministris
1492 986 1650 1026 foreste
1689 999 1818 1039 super
1853 986 2180 1027 sacramentum

452 1066 581 1094 suum
617 1066 641 1094 a
679 1067 763 1106 quo
797 1054 863 1095 vel
899 1053 1056 1107 quibus
1095 1053 1315 1094 forestarii
1350 1053 1518 1095 domini
1560 1054 1674 1107 regis
1713 1054 1870 1095 debent
1907 1056 1948 1095 et
1984 1053 2181 1095 solebant

452 1136 605 1175 capere
621 1125 662 1163 et
684 1122 843 1164 habere
860 1122 1231 1164 sustentacionem
1251 1137 1377 1164 suam
1395 1138 1403 1172 ;
1439 1123 1513 1177 qui
1536 1123 1686 1165 dicunt
1710 1123 1823 1177 quod
1845 1123 2089 1165 Edwardus
2108 1137 2179 1164 rex

454 1205 565 1232 auus
588 1191 754 1232 domini
775 1191 888 1245 regis
911 1205 1029 1233 nunc
1052 1192 1166 1234 inter
1193 1192 1278 1234 alia
1300 1192 1381 1233 hoc
1405 1192 1506 1234 fecit
1529 1192 1748 1246 inquirere
1782 1207 1858 1246 per
1887 1193 2019 1234 breue
2051 1206 2180 1234 suum

454 1261 639 1301 missum
654 1261 871 1302 Willelmo
886 1262 900 1284 ‘³
917 1261 967 1303 de
982 1261 1136 1315 Vescy,
1154 1263 1260 1302 tunc
1275 1261 1517 1304 iusticiario
1532 1263 1706 1312 foreste,
1724 1262 1847 1303 cuius
1863 1261 2180 1316 transcriptum

455 1330 741 1371 ostenderunt
764 1330 833 1371 hic
856 1330 901 1371 in
924 1330 1003 1371 hec
1027 1330 1159 1371 verba
1177 1346 1245 1371 :—

542 1398 810 1440 ⁵Edwardus
826 1399 1047 1452 deigracia
1062 1413 1135 1440 rex
1150 1399 1277 1453 Angl'
1290 1399 1495 1441 dominus
1513 1399 1695 1441 Hibern’
1708 1402 1749 1442 et
1764 1400 1850 1441 dux
1864 1400 2009 1453 Aquit'
2027 1400 2182 1441 dilecto

454 1470 496 1510 et
522 1468 639 1509 fideli
671 1482 749 1509 suo
781 1468 998 1510 Willehno
1029 1468 1079 1510 de
1112 1469 1251 1523 Vescy
1286 1469 1526 1511 iusticiario
1558 1470 1715 1511 foreste
1739 1482 1815 1511 sue
1836 1470 1949 1511 vltra
1973 1469 2181 1510 Trentam

453 1538 655 1579 salutem.
738 1537 943 1579 Volentes
978 1537 1203 1579 certiorari
1237 1552 1312 1591 per
1346 1552 1422 1579 vos
1459 1540 1607 1580 Vtrum
1645 1539 1853 1580 balliuam
1886 1538 2007 1579 illam
2049 1551 2181 1591 quam

452 1607 670 1648 Robertus
695 1607 745 1647 de
778 1606 1085 1661 Eueringham
1116 1606 1204 1648 iam
1235 1607 1469 1649 defunctus
1498 1607 1654 1649 habuit
1687 1608 1732 1649 in
1763 1608 1924 1650 foresta
1949 1610 2100 1648 nostra
2129 1607 2181 1648 de

455 1676 700 1718 Shirewode
723 1676 848 1717 nobis
871 1690 948 1729 per
970 1690 1045 1717 vos
1070 1678 1111 1718 et
1135 1676 1272 1717 socios
1295 1678 1463 1718 vestros
1486 1679 1589 1719 ante
1612 1679 1801 1720 mortem
1823 1677 1982 1731 prefati
2003 1676 2182 1718 Roberti

452 1748 628 1799 propter
672 1745 906 1787 delictum⁶
935 1745 1072 1799 ipsius
1107 1745 1402 1787 adiudicatam
1439 1746 1601 1788 donare
1626 1760 1860 1801 possumus
1891 1748 1933 1788 et
1966 1747 2180 1799 quantum

453 1815 616 1856 balliua
634 1815 647 1839 ⁷
669 1815 819 1856 eadem
844 1814 888 1855 in
911 1814 1115 1856 omnibus
1140 1814 1324 1856 exitibus
1342 1815 1485 1857 valeat
1503 1822 1545 1857 et
1568 1815 1613 1856 in
1632 1816 1790 1869 quibus
1807 1816 1937 1857 rebus
1955 1814 2180 1864 consistat,

452 1883 574 1925 vobis
589 1883 852 1924 mandamus
868 1883 980 1936 quod
996 1896 1071 1936 per
1086 1886 1414 1925 sacramentum
1424 1884 1660 1937 proborum
1675 1887 1716 1926 et
1730 1885 1936 1938 legalium
1950 1883 2182 1926 hominum

454 1967 530 2007 per
554 1966 659 2006 quos
683 1952 745 1993 rei
767 1952 927 1994 veritas
945 1952 1101 1993 melius
1120 1952 1221 1993 sciri
1236 1952 1250 1975 ⁸
1272 1953 1431 2006 poterit
1454 1955 1495 1994 et
1513 1967 1588 2007 per
1602 1953 1921 2007 inspeccionem
1936 1954 2181 1995 rotulorum

452 2025 713 2071 vestrorum,
738 2021 971 2074 inquiratis
1006 2035 1135 2075 super
1167 2022 1374 2075 predictis
1396 2022 1600 2064 omnibus
1617 2023 1632 2046 ⁹
1666 2026 1708 2065 et
1744 2023 1926 2077 singulis
1951 2022 2182 2065 veritatem

453 2095 495 2133 et
532 2091 864 2145 inquisicionem
903 2091 1003 2132 inde
1046 2091 1250 2133 distincte
1294 2094 1336 2133 et
1379 2094 1527 2146 aperte
1565 2092 1727 2134 factam
1761 2092 1886 2134 nobis
1924 2092 2004 2134 sub
2043 2092 2183 2145 sigillo

453 2164 598 2203 vestro
620 2160 808 2202 mittatis
832 2165 873 2202 et
895 2161 977 2202 hoc
999 2161 1145 2203 breue.
1209 2162 1335 2203 Teste
1353 2175 1422 2203 me
1437 2161 1531 2215 ipso
1553 2162 1670 2215 apud
1693 2162 1902 2204 Condom’
1926 2162 1971 2203 in
1993 2162 2180 2205 Gascon’

454 2233 609 2273 octauo
642 2230 710 2271 die
742 2230 903 2283 Aprilis
936 2244 1052 2271 anno
1075 2230 1199 2284 regni
1220 2230 1361 2272 nostri
1383 2230 1550 2272 decimo
1573 2231 1772 2284 septimo.

542 2300 665 2342 Vnde
688 2299 772 2340 fuit
794 2301 911 2341 facta
933 2299 1164 2353 inquisicio
1183 2299 1300 2353 apud
1319 2299 1590 2352 Notingham
1613 2314 1760 2342 coram
1778 2301 1948 2354 prefato
1965 2299 2182 2343 Willelmo

457 2370 508 2411 de
544 2369 683 2422 Vescy
716 2368 784 2410 die
804 2369 833 2392 ¹⁰
866 2368 1024 2410 Martis
1065 2369 1265 2422 proxima
1302 2372 1404 2411 ante
1442 2369 1729 2411 Pentecosten
1767 2384 1883 2411 anno
1915 2369 2038 2423 regni
2070 2369 2182 2422 regis

457 2439 664 2480 Edwardi
697 2438 864 2479 decimo
897 2438 1083 2492 septimo
1120 2452 1196 2492 per
1231 2470 1241 2479 .
1286 2470 1295 2479 .
1341 2438 1391 2479 .¹¹
1427 2438 1656 2480 viridarios
1688 2440 1846 2481 foreste
1879 2439 1930 2480 de
1962 2439 2182 2481 Shirwode

548 2540 557 2549 .
579 2508 606 2531 ¹2
637 2508 940 2561 regardatores
963 2507 1158 2548 eiusdem
1173 2508 1332 2549 foreste
1366 2539 1375 2549 .
1411 2540 1420 2549 .
1457 2540 1465 2548 .
1484 2508 1512 2531 ¹3
1529 2508 1789 2561 agistatores
1812 2508 2006 2550 eiusdem
2025 2509 2183 2550 foreste

457 2580 499 2618 et
546 2590 621 2631 per
669 2576 896 2617 duodecim
940 2576 1155 2618 iuratores
1187 2576 1394 2631 predictis
1427 2577 1643 2619 ministris
1686 2578 1929 2627 adiunctos,
1968 2577 2181 2628 videlicet,

573 2647 628 2670 14.

503 2678 555 2687 .-
619 2678 630 2696 9

503 2783 509 2798 ¹
538 2781 600 2812 See
617 2783 696 2811 not-e
714 2781 744 2816 6,
762 2790 794 2820 p.
812 2781 864 2811 62.

501 2826 513 2843 2
537 2824 610 2855 The
633 2828 640 2841 ‘
656 2825 729 2855 etc.⁷
748 2827 942 2864 represents
967 2828 1023 2855 ‘se
1041 2824 1263 2857 reddiderunt
1280 2825 1286 2837 '

457 2879 494 2900 or
510 2868 661 2908 perhaps
679 2872 685 2885 ‘
701 2868 885 2900 attachiati
903 2868 1064 2900 fuerunt.’

500 2915 511 2931 ³
534 2913 611 2943 Roll
628 2913 647 2944 9
665 2911 695 2942 d.

502 2958 512 2974 ⁴
537 2956 689 2987 William
706 2955 746 2987 de
763 2955 872 2995 Vescy
883 2965 951 2986 was
962 2955 1147 2995 appointed
1163 2955 1286 2995 justice

458 3001 492 3031 of
509 3000 568 3031 the
585 3001 688 3031 forest
705 2999 807 3030 north
825 3000 859 3030 of
886 2999 944 3030 the
971 3000 1076 3030 Trent
1103 2999 1146 3039 by
1169 3000 1285 3031 letters

459 3048 577 3084 patent
594 3043 695 3074 dated
712 3044 753 3074 30
769 3044 858 3074 June
887 3044 981 3073 1285.
1030 3044 1091 3074 See
1109 3044 1181 3074 Pat.
1198 3043 1286 3081 Roll,

460 3089 521 3119 No.
541 3090 613 3124 103,
630 3087 754 3118 memb.
774 3088 823 3117 12.

505 3135 516 3150 ὁ
541 3132 614 3162 The
632 3130 777 3170 original
791 3130 995 3170 inquisition
1010 3130 1038 3161 is
1050 3134 1085 3161 at
1097 3130 1155 3161 the
1169 3130 1286 3161 Public

461 3175 592 3207 Record
606 3175 709 3206 Office
724 3186 731 3211 3
749 3174 808 3206 the
822 3176 992 3205 reference
1008 3177 1041 3206 to
1055 3174 1080 3205 it
1094 3175 1123 3206 is
1165 3175 1286 3215 Inqui-

1355 2782 1471 2813 sinon.
1483 2784 1561 2822 post
1579 2782 1725 2813 Mortem
1739 2783 1746 2796 '
1766 2784 1805 2813 15
1823 2781 1892 2813 Ed.
1910 2781 1932 2812 i.
1951 2782 2013 2812 No.
2032 2782 2083 2812 28.

1400 2828 1411 2843 ⁵
1435 2826 1507 2856 The
1525 2825 1606 2857 rolls
1623 2827 1658 2857 of
1674 2825 1732 2857 the
1756 2836 1834 2866 eyre
1856 2827 1891 2857 of
1919 2827 1959 2856 15
1984 2825 2048 2856 Ed.
2065 2825 2086 2856 i.
2105 2834 2182 2856 con-

1355 2870 1429 2901 tain
1446 2879 1550 2909 many
1567 2879 1662 2901 cases
1679 2870 1713 2901 of
1731 2873 1916 2910 trespasses
1937 2869 2072 2909 against
2091 2868 2183 2900 veni-

1355 2923 1427 2950 son,
1445 2913 1487 2953 by
1503 2913 1629 2944 Robert
1646 2914 1680 2944 of
1695 2913 1938 2954 Everingham.

1400 2960 1409 2974 ⁷
1435 2957 1506 2987 MS.
1526 2957 1734 2988 ‘balliuam.’
1869 2958 1880 2975 Β
1905 2957 1975 2987 MS.
1995 2956 2123 2988 ‘scire.'

1398 3002 1409 3018 ⁹
1434 3001 1504 3031 MS.
1521 3000 1731 3032 hominibus.

1401 3045 1423 3062 ¹⁰
1448 3046 1489 3074 24
1508 3045 1587 3084 May
1605 3046 1699 3076 1289.

1403 3088 1422 3106 ¹*
1450 3088 1508 3119 Six
1525 3098 1654 3119 names.

1403 3132 1425 3149 ¹²
1451 3132 1537 3162 Nine
1555 3142 1684 3162 names¹

1403 3176 1426 3193 ¹³
1450 3176 1539 3207 Four
1556 3185 1684 3207 names.
1856 3176 1878 3193 ¹⁴
1903 3173 2034 3207 Twelve
2052 3183 2181 3206 names.
