2421 3529
235 520 348 557 prisone

233 561 241 584 ]
259 561 364 578 marca.

236 1002 408 1033 preceptum.

236 1209 410 1240 perdonatur

237 1250 287 1274 pro
301 1249 374 1271 rege.

245 1631 355 1656 miseri-

245 1665 348 1690 cordie.

253 2253 363 2278 miseri-

253 2288 357 2312 cordie.

257 2461 380 2492 prisona.

263 2873 371 2898 miseri-

260 2907 366 2932 cordia.

467 241 527 286 29
723 251 1031 287 SELEOTIONS
1066 251 1207 286 FROM
1241 251 1345 286 THE
1380 250 1571 286 FOREsT
1607 251 1744 285 Ei'RE
1780 251 1939 287 ROLLS

465 364 638 406 heredis
681 364 785 407 dicti
820 364 950 406 Alani
983 367 1063 407 etc.
1125 365 1186 407 Et
1222 365 1388 419 Symon
1425 365 1544 407 venit
1592 367 1634 406 et
1668 364 1917 407 convictum
1960 367 2026 406 est
2070 364 2187 419 quod

465 433 669 487 leporarii
706 434 810 475 dicti
849 434 1053 488 Symonis
1087 434 1194 476 alias
1230 436 1295 476 set
1329 448 1419 476 non
1440 436 1546 476 tunc
1582 434 1701 476 ducti
1738 436 1916 476 fuerunt
1946 448 2021 488 per
2043 435 2190 488 ipsum

467 517 599 543 causa
620 503 924 544 malefaciendi
945 502 991 543 in
1014 503 1188 553 foresta,
1212 503 1307 545 ideo
1330 503 1620 545 committitur
1642 503 1829 557 prisone.
1892 504 2049 545 Postea
2071 503 2191 544 venit

470 572 634 625 Syrnon
657 573 698 612 et
716 571 862 612 finiuit
894 585 969 625 per
1001 585 1134 612 vnam
1164 585 1360 613 marcam
1392 585 1468 625 per
1490 572 1716 625 pleuinam
1739 571 1951 613 Iohannis
1974 572 2116 613 Louet
2140 572 2192 612 de

466 640 658 681 Risston’
684 642 725 681 et
750 640 889 682 Colini
913 640 964 681 de
986 641 1204 682 Harlawe.

557 709 894 750 1Presentatum
926 711 990 751 est
1016 712 1058 751 et
1086 709 1334 752 convictum
1366 723 1442 764 per
1471 710 1644 752 eosdem
1678 710 1791 764 quod
1823 711 2044 752 Iohannes
2076 709 2193 751 filius

471 778 684 832 Stephani
708 778 790 819 Cut
814 782 968 832 captus
1001 779 1084 820 fuit
1116 793 1216 819 cum
1248 793 1333 820 vno
1367 780 1525 821 fetone.
1587 779 1718 821 Modo
1750 780 1869 821 venit
1892 781 1933 821 et
1956 779 2116 832 optulit
2149 792 2194 819 se

469 850 510 888 et
534 848 738 889 detentus
761 850 826 888 est
849 847 894 888 in
917 847 1109 901 prisona.
1170 848 1231 889 Et
1253 849 1466 890 testatum
1490 851 1554 890 est
1578 849 1691 902 quod
1714 849 1822 890 alias
1845 849 1926 890 fuit
1950 848 1995 889 in
2017 848 2195 901 prisona

469 919 664 971 tempore
695 916 826 958 Alani
858 917 909 958 de
941 917 1198 971 Maydewill’
1234 920 1339 960 tunc
1372 918 1652 959 vicecomitis.
1729 919 1791 960 Et
1822 919 1971 960 nullus
2005 920 2085 959 etc.
2118 930 2197 971 pro

470 1000 544 1035 eo;
579 986 675 1027 ideo
697 988 952 1040 preceptum
985 989 1050 1028 est
1081 987 1326 1029 vicecomiti
1357 990 1407 1029 ut
1437 1002 1585 1041 supra.
1650 988 1806 1030 Postea
1830 988 1949 1030 venit
1972 988 2195 1029 Iohannes

470 1056 692 1110 predictus
720 1055 836 1097 filius
877 1056 1092 1109 Stephani
1125 1056 1238 1106 Cut3
1274 1059 1316 1098 et
1349 1059 1561 1099 testatum
1586 1057 1669 1099 fuit
1692 1058 1806 1111 quod
1839 1057 2007 1098 invenit
2030 1057 2196 1099 dictum

472 1128 663 1168 {etonem
685 1128 913 1167 mortuum
936 1128 978 1166 et
1002 1126 1115 1179 quod
1141 1126 1225 1167 fuit
1239 1126 1426 1176 iuuenis,
1444 1126 1709 1180 etignorans
1731 1127 1903 1168 malicie
1918 1127 2030 1180 cepit
2045 1126 2196 1175 illum3

472 1198 514 1237 et
538 1195 620 1237 fuit
644 1196 689 1235 in
711 1195 890 1249 prisona
910 1209 986 1248 per
1009 1208 1178 1236 annum
1194 1198 1235 1238 et
1258 1196 1447 1250 amplius
1465 1212 1474 1245 3
1499 1199 1541 1238 et
1564 1197 1832 1250 perdonatur
1850 1196 2097 1250 redempcio
2118 1210 2197 1250 pro

472 1279 585 1318 rege.

563 1335 904 1375 2Presentatum
943 1336 1008 1375 est
1043 1336 1085 1376 et
1120 1335 1368 1376 convictum
1403 1349 1479 1389 per
1514 1335 1688 1377 eosdem
1721 1335 1835 1389 quod
1867 1335 2054 1389 quedam
2083 1334 2201 1376 bissa

475 1405 659 1446 inuenta
697 1404 779 1445 fuit
813 1406 989 1444 mortua
1026 1404 1072 1444 in
1106 1404 1245 1457 pratis
1288 1405 1339 1446 de
1381 1406 1498 1446 Acle.
1562 1405 1800 1458 Inquisicio
1843 1405 1925 1446 fuit
1970 1406 2085 1446 facta
2126 1418 2202 1458 per

477 1475 641 1527 Magna
675 1474 792 1522 Acie,
816 1473 962 1515 Parua
984 1474 1099 1523 Acle,
1125 1474 1310 1515 Neuton'
1335 1476 1376 1516 et
1416 1474 1572 1528 Corby‚
1597 1488 1679 1527 que
1702 1474 1839 1515 nichil
1861 1474 1962 1516 inde
1983 1474 2204 1528 inquirere

477 1546 715 1598 potuerunt
738 1542 823 1583 nisi
845 1543 959 1596 quod
982 1546 1157 1584 mortua
1190 1544 1273 1586 fuit
1305 1545 1498 1586 murina.
1560 1544 1620 1585 Et
1653 1544 1756 1598 quia
1787 1545 1935 1586 villate
1967 1558 2055 1586 non
2078 1557 2204 1585 vene-

478 1616 582 1655 runt
606 1616 685 1655 etc.
706 1628 715 1662 3
750 1613 846 1654 ideo
868 1613 913 1653 in
937 1612 1253 1655 misericordia.

567 1683 911 1724 3Presentatum
946 1684 1010 1723 est
1048 1696 1124 1735 per
1156 1683 1330 1724 eosdem
1363 1683 1477 1737 quod
1509 1684 1640 1737 Hugo
1678 1684 1876 1736 Swargar
1911 1684 1953 1724 et
1985 1681 2205 1723 Henricus

480 1753 619 1794 Tocke
662 1752 713 1793 de
755 1751 1000 1792 Brickstok’
1045 1752 1278 1794 attachiati
1321 1753 1499 1795 fuerunt
1541 1767 1620 1807 pro
1663 1752 1909 1806 suspicione
1950 1752 2206 1805 laqueorum

479 1823 723 1875 positorum
746 1821 827 1862 sub
849 1835 980 1874 parco
1004 1821 1055 1862 de
1078 1821 1292 1863 Bricstok’
1316 1823 1371 1864 ad
1403 1823 1570 1875 lepores
1594 1822 1827 1876 capiendos
1858 1836 1934 1877 per
1958 1821 2207 1863 Galfridum

483 1891 710 1944 Sworgar',
727 1891 961 1944 Hugonen]
985 1890 1124 1931 filium
1149 1891 1362 1941 Goffivini,
1383 1892 1652 1934 Gilbertum⁴
1668 1892 1722 1933 ad
1749 1892 2011 1944 Stangnum,
2029 1891 2209 1931 Petrum

482 1960 623 2001 filium
675 1961 779 2009 Ade,
827 1960 1071 2001 Henricum
1113 1960 1255 2001 filium
1302 1961 1490 2010 Ricardi,
1540 1961 1783 2002 Henricum
1825 1961 1966 2001 filium
2009 1959 2209 2008 Geruas',

483 2030 728 2071 Iohannem
751 2030 802 2070 de
834 2029 1105 2079 Lortebrok’,
1131 2030 1361 2071 Matheum
1395 2030 1560 2084 Croyle‚
1586 2030 1824 2072 Ricardum
1853 2029 1994 2070 filium
2017 2028 2209 2077 Roberffl,

486 2099 733 2140 Henricum
768 2098 819 2140 de
853 2098 1128 2148 Lortebrok’,
1170 2099 1412 2140 Robertum
1451 2099 1502 2140 de
1540 2100 1727 2153 Suburg’
1759 2102 1802 2140 et
1838 2098 2082 2140 Henricum
2116 2111 2210 2150 pre-

485 2168 693 2223 positum.
756 2168 816 2209 Et
840 2168 941 2221 quia
963 2182 1051 2209 non
1074 2168 1325 2209 habuerunt
1348 2168 1465 2221 ipsos
1488 2169 1722 2222 Hugonem
1746 2171 1788 2210 et
1810 2168 2052 2209 Henricum
2070 2166 2212 2220 primo

488 2239 556 2279 die
588 2240 683 2287 etc„
707 2237 802 2279 ideo
834 2238 879 2278 in
912 2237 1225 2279 misericordia.
1289 2238 1348 2278 Et
1383 2240 1594 2279 testatum
1628 2240 1692 2280 est
1725 2238 1839 2291 quod
1871 2236 1976 2278 dicti
2007 2237 2138 2289 Hugo
2170 2241 2212 2276 et

488 2307 708 2348 Henricus
730 2309 970 2360 posuerunt
994 2321 1038 2348 se
1062 2306 1107 2347 in
1133 2308 1281 2360 fugam
1299 2307 1473 2360 quando
1492 2307 1748 2349 forestarius
1771 2307 1908 2349 voluit
1931 2320 2003 2348 eos
2026 2304 2212 2347 attachi-

489 2391 576 2426 are,
612 2376 847 2417 noluerunt
885 2378 1002 2417 stare
1036 2379 1168 2426 recto,
1209 2378 1250 2418 et
1289 2377 1403 2430 quod
1438 2377 1617 2417 fuerunt
1652 2376 1889 2430 culpabiles
1924 2376 1976 2417 de
2009 2374 2215 2429 predictis

489 2445 669 2500 laqueis.
731 2445 791 2486 Et
814 2446 942 2487 modo
964 2445 1162 2495 veniunt,
1186 2446 1282 2488 ideo
1307 2446 1472 2487 detenti
1494 2446 1540 2486 in
1563 2446 1754 2499 prisona.

579 2516 912 2556 5Presentatum
928 2517 992 2556 est
1007 2518 1049 2556 et
1068 2516 1315 2557 convictum
1332 2530 1408 2569 per
1423 2516 1595 2557 eosdem
1611 2516 1725 2569 quod
1741 2514 1832 2556 die⁶
1846 2514 2003 2556 Martis
2020 2513 2218 2568 proxima

491 2587 589 2640 post
612 2584 914 2638 Epiphaniam
945 2599 1062 2626 anno
1094 2585 1315 2626 tricesimo
1347 2585 1490 2639 primo
1513 2585 1626 2638 quod
1650 2585 1828 2638 quidam
1843 2585 1857 2609 ⁷
1878 2584 2079 2625 homines
2101 2582 2218 2636 capti

493 2656 670 2696 fuerunt
702 2656 928 2707 portantes
961 2654 1244 2696 venacionem
1271 2654 1317 2695 in
1348 2654 1537 2708 quodam
1565 2668 1688 2696 sacco
1720 2654 1766 2695 in
1796 2654 1896 2696 villa
1929 2654 1981 2695 de
2017 2652 2217 2705 Subur-g’.

493 2723 732 2777 Inquisicio
765 2722 847 2763 fuit
870 2723 970 2764 inde
1004 2724 1120 2765 facta
1151 2738 1228 2777 per
1261 2726 1449 2777 quatuor
1472 2724 1646 2765 villatas
1668 2723 2014 2778 propinquiores,
2039 2722 2217 2771 scilicet,

498 2793 700 2845 Suburg’,
753 2792 962 2842 Luffwic’,
1015 2793 1254 2834 Bricstock’
1318 2794 1360 2834 et
1424 2792 1649 2847 Lyueden'
1714 2807 1797 2846 que
1863 2807 1952 2834 non
2004 2792 2219 2833 venerunt

494 2861 688 2916 plenarie
712 2863 809 2911 etc.,
833 2861 929 2902 ideo
952 2861 998 2902 in
1022 2862 1333 2903 misericordia.
1395 2863 1456 2903 Et
1480 2862 1731 2904 convictum
1758 2864 1824 2904 est
1857 2862 1971 2916 quod
2002 2861 2220 2903 Radulfus

495 2930 612 2972 filius
635 2930 782 2971 Mabil’
808 2930 859 2972 de
894 2931 1081 2984 Suburg’
1116 2933 1157 2972 et
1190 2931 1434 2974 Willelmus
1466 2931 1582 2972 filius
1614 2930 1798 2973 Henrici
1829 2931 1881 2973 de
1913 2930 2143 2972 Banifeud'
2179 2931 2221 2970 et

544 3024 551 3041 ¹
580 3024 641 3054 See
658 3033 690 3062 p.
709 3024 761 3054 81.
1441 3025 1453 3041 ⁵
1478 3023 1540 3055 See
1556 3033 1588 3063 p.
1607 3024 1659 3054 84.

544 3068 556 3085 ²
582 3068 644 3098 See
659 3077 691 3106 p.
711 3068 762 3097 82.
1443 3069 1454 3085 ⁵
1478 3070 1497 3097 S
1514 3068 1670 3108 January
1689 3067 1780 3109 1243.

545 3112 556 3129 ³
582 3112 643 3142 See
661 3121 693 3150 p.
712 3112 763 3141 83.
1444 3113 1454 3129 ⁷
1479 3111 1552 3142 The
1569 3112 1658 3142 word
1676 3111 1785 3150 ‘quod
1801 3112 1807 3126 '
1827 3111 1856 3142 is
1873 3110 2056 3152 carelessly
2073 3109 2223 3142 inserted

547 3156 557 3172 ⁴¹
583 3155 655 3186 MS.
674 3154 891 3186 ‘Gilbertus.'
1401 3156 1514 3187 before
1532 3155 1602 3187 this
1619 3155 1709 3187 word
1726 3155 1762 3187 in
1779 3156 1838 3187 the
1855 3155 2010 3196 original.
