2421 3529
504 257 529 300 S
537 256 562 300 9
958 265 1015 298 SE
1022 265 1144 299 LECT
1180 265 1369 299 FOREST
1406 264 1760 307 INQUISITIONS

502 378 553 420 de
575 391 705 432 parco
728 377 780 419 de
802 377 1016 419 Bricstok’
1040 377 1300 420 itinerantes
1322 391 1398 432 per
1420 378 1556 420 altam
1580 377 1699 419 uiam
1723 390 1876 419 uersus
1899 377 2091 431 Pyhtesl’
2117 392 2223 432 quos

503 447 645 490 dictus
668 447 881 489 Ricardus
904 447 1060 489 habuit
1084 450 1306 502 suspectos
1330 461 1516 501 quorum
1537 447 1720 489 nomina
1737 449 1841 488 sunt
1863 447 1941 488 hec
1961 448 2226 491 t—Thomas

503 517 660 558 Basset
682 516 798 557 filius
831 516 998 557 domini
1029 516 1204 557 Radulfi
1228 517 1384 558 Basset
1417 516 1469 557 de
1491 516 1729 566 Weledon’,
1763 515 1994 569 Philippus
2014 516 2225 567 Walens'‚

502 586 746 629 Willelmus
768 586 805 627 le
837 586 1020 634 Vacher‚
1045 599 1152 639 quos
1185 585 1397 627 arestauit
1429 599 1507 638 pro
1540 584 1831 638 suspeccione.
1892 585 1953 626 Et
1987 598 2116 639 super
2147 585 2228 627 hoc

504 656 619 697 faeta
642 655 724 696 fuit
756 654 988 708 inquisicio
1020 654 1117 696 die¹
1154 654 1296 696 sancti
1327 654 1555 695 Edmundi
1588 654 1701 707 regis
1734 668 1850 696 anno
1881 654 2077 707 predicto
2110 655 2228 708 apud

505 726 692 767 Bouton’
717 739 863 766 coram
886 725 1102 767 Willelmo
1125 725 1175 765 de
1203 724 1478 778 Norhampt',
1502 727 1609 766 1311116
1631 724 1793 765 balliuo
1823 725 1993 774 foreste,
2018 727 2060 766 et
2083 738 2229 766 coram

505 794 725 836 viridariis
770 797 812 836 et
854 794 1095 836 forestariis
1137 794 1280 848 patrie
1321 808 1397 848 per
1440 797 1627 847 quatuor
1668 793 1840 836 villatas
1883 793 2231 847 propinquiores,

506 863 720 913 videlicet,
743 877 820 918 per
843 863 1114 918 Geytinton’,
1137 863 1383 912 Verketon’‚
1407 863 1568 917 Wycle,
1591 862 1829 904 Bouhton'.

597 932 852 987 Geytinton'
877 933 996 975 venit
1019 935 1074 983 et,
1098 933 1256 982 iurata,
1281 932 1386 974 dicit
1409 932 1522 986 quod
1547 931 1684 973 nichil
1718 931 1797 973 seit
1820 931 1921 973 inde
1944 934 1986 973 et
2008 931 2231 973 neminem

506 1001 639 1043 habet
663 1005 915 1056 suspectum
939 1002 990 1043 (16
1012 1001 1361 1055 transgressione
1384 1001 1497 1042 dicte
1518 1000 1784 1043 venacionis.

594 1071 631 1112 V
634 1071 827 1113 erketon’
850 1071 968 1112 venit
991 1074 1047 1120 et,
1070 1071 1230 1120 iurata,
1256 1071 1359 1112 dicit
1383 1071 1512 1112 idem.

596 1141 727 1195 Vycle
750 1140 868 1182 venit
892 1142 948 1190 et,
973 1140 1131 1190 iurata,
1157 1140 1261 1181 dicit
1284 1140 1415 1181 idem.

596 1210 816 1251 Bouhton’
840 1210 960 1250 venit
983 1211 1039 1259 et,
1064 1209 1223 1259 iurata,
1248 1209 1351 1250 dicit
1374 1209 1505 1250 idem.

278 1296 435 1319 Memoran-
598 1280 708 1321 Caro
731 1279 835 1320 data
857 1278 940 1319 fuit
963 1278 1145 1331 leprosis
1169 1278 1220 1319 de
1244 1278 1493 1332 Trapston'.

275 1328 423 1386 3133&
597 1347 787 1390 Predicti
810 1361 910 1389 vero
933 1347 1165 1400 Philippus
1186 1347 1361 1388 Valens’
1384 1350 1426 1388 et
1448 1346 1693 1389 Willehnus
1715 1346 1752 1388 le
1774 1346 1944 1388 Vacher
1968 1346 2234 1389 inuenerunt

509 1419 672 1473 plegios
715 1432 792 1472 pro
836 1417 1115 1471 suspeccione
1158 1417 1209 1459 de
1252 1417 1434 1459 essendo
1477 1430 1625 1459 coram
1667 1416 1920 1459 iusticiariis
1963 1417 2014 1459 (16
2058 1418 2234 1466 foresta,

510 1488 745 1530 111(161166132
778 1519 786 1527 .
822 1520 830 1528 .
868 1519 876 1528 .

598 1710 753 1750 3Anno
786 1707 1005 1750 tricesimo
1037 1707 1185 1750 tercio.
1263 1706 1431 1749 Accidit
1464 1706 1531 1748 die
1553 1707 1565 1729 ⁴
1599 1705 1765 1748 Pasche
1787 1719 1905 1747 anno
1937 1705 2092 1759 rengni
2124 1705 2238 1758 regis

510 1778 692 1820 Henrici
714 1777 935 1819 tricesimo
967 1777 1102 1819 tercio
1125 1776 1239 1830 quod
1273 1775 1424 1818 Simon
1448 1775 1500 1817 de
1524 1776 1748 1825 Ouerton'‚
1772 1788 1961 1829 persona
1993 1774 2044 1816 (16
2067 1775 2238 1824 Walde,

512 1847 632 1889 venit
654 1848 700 1888 in
733 1861 886 1900 campo
919 1846 972 1888 de
993 1847 1283 1899 Waldegraue
1321 1848 1362 1887 et
1396 1845 1510 1899 cepit
1545 1844 1707 1886 ibidem
1739 1858 1876 1886 vnum
1909 1844 2149 1898 capriolum
2172 1843 2240 1885 die

513 1917 679 1959 Pasche
701 1916 815 1958 circa
836 1916 992 1958 horam
1014 1915 1219 1969 primam.
1280 1915 1340 1957 Et
1364 1928 1493 1968 super
1514 1914 1596 1956 hoc
1619 1914 1734 1956 facta
1757 1913 1840 1955 fuit
1871 1913 2101 1967 inquisicio
2123 1912 2240 1967 apud

514 1987 695 2028 boscum
747 1986 798 2027 de
841 1985 1021 2027 Malesle
1055 1984 1122 2026 die
1138 1986 1152 2008 ⁵
1185 1984 1312 2025 Lune
1344 1983 1543 2038 proxima
1586 1985 1688 2025 ante
1730 1983 1893 2024 festum
1936 1982 2052 2024 beati
2094 1982 2241 2023 Marce

517 2056 792 2109 ewangeliste
815 2069 932 2096 anno
955 2054 1105 2096 eodem
1129 2068 1277 2096 coram
1299 2053 1519 2095 Willelmo
1552 2052 1604 2093 de
1636 2052 1914 2105 Norhampt',
1937 2053 2044 2093 tunc
2076 2051 2240 2093 balliuo

517 2126 688 2175 foreste,
712 2128 753 2166 et
776 2139 922 2167 coram
945 2123 1166 2165 viridariis
1189 2122 1270 2178 [et]
1294 2121 1535 2164 forestariis
1567 2122 1707 2175 patrie
1738 2135 1814 2175 per
1847 2122 2034 2174 quatuor
2067 2120 2241 2162 villatas

516 2194 864 2248 propinquiores,
918 2193 1131 2243 videlicet,
1175 2206 1251 2247 per
1302 2192 1518 2241 Waldam‚
1571 2190 1924 2244 Waldegrauam,
1977 2189 2240 2239 Haninton’,

519 2264 723 2306 Faxton’.

604 2333 761 2375 Walda
783 2332 905 2374 uenit
929 2333 986 2381 et,
1018 2331 1179 2381 iurata,
1205 2330 1310 2372 dicit
1333 2330 1449 2384 quod
1474 2330 1625 2372 Simon
1649 2329 1700 2370 de
1731 2329 1956 2378 Ouerton’,
1981 2341 2169 2382 persona
2192 2328 2243 2369 de

518 2402 683 2452 Walde‚
709 2402 829 2443 uenit
853 2401 920 2442 die
942 2400 1109 2442 Pasche
1127 2400 1240 2441 circa
1261 2400 1417 2441 horam
1439 2399 1629 2453 primam
1653 2400 1695 2440 et
1713 2398 1826 2452 cepit
1847 2412 1984 2440 vnum
2002 2397 2242 2452 capriolum

521 2473 566 2513 in
589 2486 742 2526 campo
765 2472 816 2513 de
838 2471 1126 2524 Waldegraue
1149 2484 1248 2511 cum
1271 2469 1512 2523 leporariis.

610 2542 899 2594 Waldegraue
923 2539 1045 2582 uenit
1068 2541 1124 2589 et,
1148 2539 1306 2588 iurata,
1331 2537 1436 2580 dicit
1458 2538 1590 2580 idem.

612 2611 857 2653 Haninton'
883 2609 1003 2651 venit
1025 2611 1081 2659 et,
1105 2608 1262 2658 iurata,
1288 2607 1391 2649 dicit
1413 2607 1544 2649 idem.

612 2681 795 2722 Faxton'
820 2678 938 2721 venit
961 2680 1017 2728 613,
1041 2678 1202 2728 iurata,
1227 2677 1330 2720 dicit
1353 2677 1482 2719 idem.

610 2827 625 2850 6
642 2827 770 2867 Α11110
787 2824 1007 2867 tricesimo
1029 2823 1177 2866 tercio.
1240 2823 1408 2865 Accidit
1426 2823 1494 2864 die
1509 2824 1522 2848 ⁷
1544 2821 1664 2865 Iouis
1685 2821 1732 2863 in
1750 2822 1860 2864 festo
1878 2821 2020 2864 sancti
2034 2821 2249 2863 Iohannis

523 2898 625 2938 ante
647 2898 821 2949 portam
853 2893 1062 2935 Latinam
1086 2906 1202 2935 anno
1235 2892 1457 2934 tricesimo
1486 2891 1620 2933 tercio
1650 2891 1764 2945 quod
1796 2891 2011 2933 Radulfus
2034 2890 2085 2932 de
2111 2890 2246 2932 Susex

523 2970 565 3007 et
618 2965 773 3014 Adam,
818 2963 960 3005 socius
1013 2976 1133 3013 suus,
1179 2961 1398 3004 forestarii
1451 2960 1619 3015 pedites
1671 2961 1717 3001 in
1769 2960 1934 3002 balliua
1986 2960 2037 3001 de
2080 2959 2245 3009 Firma,

637 3072 641 3088 ¹
670 3069 808 3110 Friday,
825 3070 867 3100 20
886 3068 1077 3100 November
1096 3069 1191 3099 1248.
1381 3069 1391 3085 ⁴
1418 3066 1569 3106 Sunday,
1587 3068 1606 3097 4
1624 3065 1720 3106 April
1740 3067 1835 3097 1249.

635 3116 646 3132 '·’
671 3114 804 3145 Twelve
822 3123 953 3144 names.
1378 3113 1389 3130 ⁵
1417 3112 1455 3142 19
1474 3110 1568 3150 April
1588 3111 1682 3141 1249.

635 3160 645 3176 ³
672 3160 733 3190 See
751 3168 783 3198 p.
801 3160 840 3188 31
867 3157 982 3188 above.
1375 3156 1386 3171 ⁶
1412 3155 1472 3185 See
1490 3164 1520 3194 p.
1540 3155 1579 3185 32
1599 3153 1714 3185 above.
1850 3155 1857 3170 ⁷
1883 3156 1902 3184 6
1921 3153 1999 3194 May
2018 3154 2112 3184 1249.
