<?xml version="1.0" encoding="UTF-8"?>
<!DOCTYPE html PUBLIC "-//W3C//DTD XHTML 1.0 Transitional//EN"
    "http://www.w3.org/TR/xhtml1/DTD/xhtml1-transitional.dtd">
<html xmlns="http://www.w3.org/1999/xhtml" xml:lang="en" lang="en">
 <head>
  <title>
</title>
<meta http-equiv="Content-Type" content="text/html;charset=utf-8" />
  <meta name='ocr-system' content='tesseract 3.04.00' />
  <meta name='ocr-capabilities' content='ocr_page ocr_carea ocr_par ocr_line ocrx_word'/>
</head>
<body>
  <div class='ocr_page' id='page_1' title='image "./selectpleasoffor00grearich_0380.png"; bbox 0 0 2421 3529; ppageno 0'>
   <div class='ocr_carea' id='block_1_1' title="bbox 447 291 1717 343">
    <p class='ocr_par' dir='ltr' id='par_1_1' title="bbox 447 291 1717 343">
     <span class='ocr_line' id='line_1_1' title="bbox 447 291 1717 343; baseline -0.003 -5"><span class='ocrx_word' id='word_1_1' title='bbox 447 291 541 339; x_wconf 74' lang='grc'>116</span> <span class='ocrx_word' id='word_1_2' title='bbox 916 301 1103 337; x_wconf 51' lang='grc'>61111601</span> <span class='ocrx_word' id='word_1_3' title='bbox 1139 302 1329 337; x_wconf 75' lang='lat' dir='ltr'>FoREsT</span> <span class='ocrx_word' id='word_1_4' title='bbox 1367 300 1717 343; x_wconf 68' lang='lat' dir='ltr'>INQmsITIONs</span> 
     </span>
    </p>
   </div>
   <div class='ocr_carea' id='block_1_2' title="bbox 450 409 2175 597">
    <p class='ocr_par' dir='ltr' id='par_1_2' title="bbox 450 409 2175 597">
     <span class='ocr_line' id='line_1_2' title="bbox 539 409 2172 471; baseline -0.004 -13"><span class='ocrx_word' id='word_1_5' title='bbox 539 416 764 458; x_wconf 87' lang='lat' dir='ltr'>Predictus</span> <span class='ocrx_word' id='word_1_6' title='bbox 787 417 918 470; x_wconf 80' lang='lat' dir='ltr'>Hugo</span> <span class='ocrx_word' id='word_1_7' title='bbox 941 416 1185 471; x_wconf 81' lang='lat' dir='ltr'>Kydelomb</span> <span class='ocrx_word' id='word_1_8' title='bbox 1218 414 1510 457; x_wconf 68' lang='lat' dir='ltr'>committitur</span> <span class='ocrx_word' id='word_1_9' title='bbox 1542 413 1622 455; x_wconf 87' lang='lat' dir='ltr'>toti</span> <span class='ocrx_word' id='word_1_10' title='bbox 1646 413 1791 454; x_wconf 82' lang='lat' dir='ltr'>villate</span> <span class='ocrx_word' id='word_1_11' title='bbox 1815 411 1865 452; x_wconf 86' lang='lat' dir='ltr'>de</span> <span class='ocrx_word' id='word_1_12' title='bbox 1890 409 2172 465; x_wconf 80' lang='lat' dir='ltr'>Geytington&#39;</span> 
     </span>
     <span class='ocr_line' id='line_1_3' title="bbox 450 479 2175 539; baseline -0.005 -11"><span class='ocrx_word' id='word_1_13' title='bbox 450 487 496 528; x_wconf 89' lang='lat' dir='ltr'>in</span> <span class='ocrx_word' id='word_1_14' title='bbox 528 486 710 528; x_wconf 86' lang='lat' dir='ltr'>ballium</span> <span class='ocrx_word' id='word_1_15' title='bbox 744 500 825 539; x_wconf 89' lang='lat' dir='ltr'>que</span> <span class='ocrx_word' id='word_1_16' title='bbox 858 500 959 527; x_wconf 88' lang='lat' dir='ltr'>eum</span> <span class='ocrx_word' id='word_1_17' title='bbox 991 484 1245 538; x_wconf 86' lang='lat' dir='ltr'>manucepit</span> <span class='ocrx_word' id='word_1_18' title='bbox 1279 483 1547 538; x_wconf 86' lang='lat' dir='ltr'>producendi</span> <span class='ocrx_word' id='word_1_19' title='bbox 1585 496 1731 524; x_wconf 86' lang='lat' dir='ltr'>coram</span> <span class='ocrx_word' id='word_1_20' title='bbox 1768 479 2021 522; x_wconf 86' lang='lat' dir='ltr'>iusticiariis</span> <span class='ocrx_word' id='word_1_21' title='bbox 2059 480 2175 534; x_wconf 85' lang='lat' dir='ltr'>apud</span> 
     </span>
     <span class='ocr_line' id='line_1_4' title="bbox 451 553 1396 597; baseline -0.003 -1"><span class='ocrx_word' id='word_1_22' title='bbox 451 556 680 597; x_wconf 75' lang='lat' dir='ltr'>Norliamt&#39;</span> <span class='ocrx_word' id='word_1_23' title='bbox 705 555 749 596; x_wconf 91' lang='lat' dir='ltr'>in</span> <span class='ocrx_word' id='word_1_24' title='bbox 774 555 967 597; x_wconf 86' lang='lat' dir='ltr'>crastino</span> <span class='ocrx_word' id='word_1_25' title='bbox 990 554 1132 597; x_wconf 86' lang='lat' dir='ltr'>sancti</span> <span class='ocrx_word' id='word_1_26' title='bbox 1153 553 1396 595; x_wconf 75' lang='lat' dir='ltr'>Michaelis.</span> 
     </span>
    </p>
   </div>
   <div class='ocr_carea' id='block_1_3' title="bbox 451 675 2182 1843">
    <p class='ocr_par' dir='ltr' id='par_1_3' title="bbox 451 675 2177 1149">
     <span class='ocr_line' id='line_1_5' title="bbox 540 675 2175 732; baseline -0.005 -10"><span class='ocrx_word' id='word_1_27' title='bbox 540 680 780 722; x_wconf 85' lang='lat' dir='ltr'>Forestarii</span> <span class='ocrx_word' id='word_1_28' title='bbox 814 679 980 721; x_wconf 89' lang='lat' dir='ltr'>domini</span> <span class='ocrx_word' id='word_1_29' title='bbox 1014 679 1128 732; x_wconf 84' lang='lat' dir='ltr'>regis</span> <span class='ocrx_word' id='word_1_30' title='bbox 1166 679 1217 720; x_wconf 87' lang='lat' dir='ltr'>de</span> <span class='ocrx_word' id='word_1_31' title='bbox 1251 691 1382 732; x_wconf 84' lang='lat' dir='ltr'>parco</span> <span class='ocrx_word' id='word_1_32' title='bbox 1418 677 1469 719; x_wconf 85' lang='lat' dir='ltr'>de</span> <span class='ocrx_word' id='word_1_33' title='bbox 1503 675 1721 718; x_wconf 82' lang='lat' dir='ltr'>Brixstok&#39;</span> <span class='ocrx_word' id='word_1_34' title='bbox 1762 675 1912 716; x_wconf 89' lang='lat' dir='ltr'>dicunt</span> <span class='ocrx_word' id='word_1_35' title='bbox 1935 688 2010 728; x_wconf 86' lang='lat' dir='ltr'>per</span> <span class='ocrx_word' id='word_1_36' title='bbox 2034 687 2175 715; x_wconf 89' lang='lat' dir='ltr'>sacra-</span> 
     </span>
     <span class='ocr_line' id='line_1_6' title="bbox 453 743 2175 802; baseline -0.004 -12"><span class='ocrx_word' id='word_1_37' title='bbox 453 752 652 790; x_wconf 89' lang='lat' dir='ltr'>mentum</span> <span class='ocrx_word' id='word_1_38' title='bbox 688 763 817 790; x_wconf 92' lang='lat' dir='ltr'>suum</span> <span class='ocrx_word' id='word_1_39' title='bbox 851 749 965 802; x_wconf 87' lang='lat' dir='ltr'>quod</span> <span class='ocrx_word' id='word_1_40' title='bbox 987 749 1118 801; x_wconf 85' lang='lat' dir='ltr'>Hugo</span> <span class='ocrx_word' id='word_1_41' title='bbox 1150 747 1268 788; x_wconf 88' lang='lat' dir='ltr'>filius</span> <span class='ocrx_word' id='word_1_42' title='bbox 1298 760 1482 800; x_wconf 86' lang='lat' dir='ltr'>persone</span> <span class='ocrx_word' id='word_1_43' title='bbox 1515 746 1566 787; x_wconf 87' lang='lat' dir='ltr'>de</span> <span class='ocrx_word' id='word_1_44' title='bbox 1599 744 1799 787; x_wconf 80' lang='lat' dir='ltr'>Grafton’</span> <span class='ocrx_word' id='word_1_45' title='bbox 1824 746 1889 785; x_wconf 89' lang='lat' dir='ltr'>est</span> <span class='ocrx_word' id='word_1_46' title='bbox 1921 743 2175 784; x_wconf 79' lang='lat' dir='ltr'>malefactor</span> 
     </span>
     <span class='ocr_line' id='line_1_7' title="bbox 451 811 2175 868; baseline -0.005 -8"><span class='ocrx_word' id='word_1_47' title='bbox 451 819 496 859; x_wconf 89' lang='lat' dir='ltr'>in</span> <span class='ocrx_word' id='word_1_48' title='bbox 520 819 681 860; x_wconf 84' lang='lat' dir='ltr'>foresta</span> <span class='ocrx_word' id='word_1_49' title='bbox 718 818 769 860; x_wconf 89' lang='lat' dir='ltr'>de</span> <span class='ocrx_word' id='word_1_50' title='bbox 799 817 1036 859; x_wconf 87' lang='lat' dir='ltr'>venacione</span> <span class='ocrx_word' id='word_1_51' title='bbox 1068 815 1235 858; x_wconf 88' lang='lat' dir='ltr'>domini</span> <span class='ocrx_word' id='word_1_52' title='bbox 1266 815 1380 868; x_wconf 84' lang='lat' dir='ltr'>regis</span> <span class='ocrx_word' id='word_1_53' title='bbox 1414 816 1455 856; x_wconf 93' lang='lat' dir='ltr'>et</span> <span class='ocrx_word' id='word_1_54' title='bbox 1478 814 1598 856; x_wconf 77' lang='lat' dir='ltr'>visus</span> <span class='ocrx_word' id='word_1_55' title='bbox 1630 813 1714 855; x_wconf 90' lang='lat' dir='ltr'>fuit</span> <span class='ocrx_word' id='word_1_56' title='bbox 1736 812 1780 853; x_wconf 89' lang='lat' dir='ltr'>in</span> <span class='ocrx_word' id='word_1_57' title='bbox 1804 826 1935 866; x_wconf 86' lang='lat' dir='ltr'>parco</span> <span class='ocrx_word' id='word_1_58' title='bbox 1958 811 2175 853; x_wconf 78' lang='lat' dir='ltr'>Brixstok’</span> 
     </span>
     <span class='ocr_line' id='line_1_8' title="bbox 454 880 2175 934; baseline -0.005 -6"><span class='ocrx_word' id='word_1_59' title='bbox 454 887 522 929; x_wconf 89' lang='lat' dir='ltr'>die</span> <span class='ocrx_word' id='word_1_60' title='bbox 540 887 553 910; x_wconf 79' lang='lat'>¹</span> <span class='ocrx_word' id='word_1_61' title='bbox 578 887 836 929; x_wconf 76' lang='lat' dir='ltr'>Natiuitatis</span> <span class='ocrx_word' id='word_1_62' title='bbox 858 887 983 928; x_wconf 89' lang='lat' dir='ltr'>beate</span> <span class='ocrx_word' id='word_1_63' title='bbox 1005 885 1146 927; x_wconf 86' lang='lat' dir='ltr'>Marie</span> <span class='ocrx_word' id='word_1_64' title='bbox 1168 885 1282 927; x_wconf 85' lang='lat' dir='ltr'>circa</span> <span class='ocrx_word' id='word_1_65' title='bbox 1303 885 1460 926; x_wconf 81' lang='lat' dir='ltr'>horam</span> <span class='ocrx_word' id='word_1_66' title='bbox 1483 897 1648 925; x_wconf 88' lang='lat' dir='ltr'>nonam</span> <span class='ocrx_word' id='word_1_67' title='bbox 1667 896 1767 923; x_wconf 90' lang='lat' dir='ltr'>cum</span> <span class='ocrx_word' id='word_1_68' title='bbox 1785 895 1889 924; x_wconf 86' lang='lat' dir='ltr'>arcu</span> <span class='ocrx_word' id='word_1_69' title='bbox 1911 883 1953 923; x_wconf 92' lang='lat' dir='ltr'>et</span> <span class='ocrx_word' id='word_1_70' title='bbox 1976 880 2148 934; x_wconf 81' lang='lat' dir='ltr'>sagittis</span> <span class='ocrx_word' id='word_1_71' title='bbox 2166 896 2175 929; x_wconf 87' lang='lat'>;</span> 
     </span>
     <span class='ocr_line' id='line_1_9' title="bbox 455 951 2175 1011; baseline -0.005 -12"><span class='ocrx_word' id='word_1_72' title='bbox 455 959 496 999; x_wconf 86' lang='lat' dir='ltr'>et</span> <span class='ocrx_word' id='word_1_73' title='bbox 520 957 698 1011; x_wconf 84' lang='lat' dir='ltr'>quidam</span> <span class='ocrx_word' id='word_1_74' title='bbox 722 956 834 998; x_wconf 89' lang='lat' dir='ltr'>alius</span> <span class='ocrx_word' id='word_1_75' title='bbox 857 970 956 997; x_wconf 85' lang='lat' dir='ltr'>cum</span> <span class='ocrx_word' id='word_1_76' title='bbox 980 969 1028 997; x_wconf 91' lang='lat' dir='ltr'>eo</span> <span class='ocrx_word' id='word_1_77' title='bbox 1051 969 1150 996; x_wconf 89' lang='lat' dir='ltr'>cum</span> <span class='ocrx_word' id='word_1_78' title='bbox 1187 968 1292 996; x_wconf 87' lang='lat' dir='ltr'>arcu</span> <span class='ocrx_word' id='word_1_79' title='bbox 1327 955 1368 995; x_wconf 90' lang='lat' dir='ltr'>et</span> <span class='ocrx_word' id='word_1_80' title='bbox 1404 953 1602 1007; x_wconf 83' lang='lat' dir='ltr'>sagittis3</span> <span class='ocrx_word' id='word_1_81' title='bbox 1640 954 1682 994; x_wconf 90' lang='lat' dir='ltr'>et</span> <span class='ocrx_word' id='word_1_82' title='bbox 1705 951 1828 993; x_wconf 81' lang='lat' dir='ltr'>duxit</span> <span class='ocrx_word' id='word_1_83' title='bbox 1864 964 2001 992; x_wconf 88' lang='lat' dir='ltr'>vnum</span> <span class='ocrx_word' id='word_1_84' title='bbox 2024 963 2175 991; x_wconf 87' lang='lat' dir='ltr'>canem</span> 
     </span>
     <span class='ocr_line' id='line_1_10' title="bbox 453 1018 2177 1080; baseline -0.004 -13"><span class='ocrx_word' id='word_1_85' title='bbox 453 1027 617 1067; x_wconf 84' lang='lat' dir='ltr'>ruffum</span> <span class='ocrx_word' id='word_1_86' title='bbox 661 1040 844 1080; x_wconf 86' lang='lat' dir='ltr'>coueyre</span> <span class='ocrx_word' id='word_1_87' title='bbox 879 1058 887 1067; x_wconf 89' lang='lat'>.</span> <span class='ocrx_word' id='word_1_88' title='bbox 923 1057 932 1066; x_wconf 89' lang='lat'><strong><em>.</em></strong></span> <span class='ocrx_word' id='word_1_89' title='bbox 968 1056 976 1067; x_wconf 85' lang='lat'><em>.</em></span> <span class='ocrx_word' id='word_1_90' title='bbox 1020 1026 1085 1066; x_wconf 88' lang='lat' dir='ltr'>set</span> <span class='ocrx_word' id='word_1_91' title='bbox 1117 1024 1289 1067; x_wconf 86' lang='lat' dir='ltr'>nullum</span> <span class='ocrx_word' id='word_1_92' title='bbox 1322 1024 1537 1066; x_wconf 86' lang='lat' dir='ltr'>recettum</span> <span class='ocrx_word' id='word_1_93' title='bbox 1579 1021 1745 1063; x_wconf 86' lang='lat' dir='ltr'>hahent</span> <span class='ocrx_word' id='word_1_94' title='bbox 1784 1020 1829 1061; x_wconf 89' lang='lat' dir='ltr'>in</span> <span class='ocrx_word' id='word_1_95' title='bbox 1871 1018 2017 1074; x_wconf 85' lang='lat' dir='ltr'>patria</span> <span class='ocrx_word' id='word_1_96' title='bbox 2063 1019 2177 1072; x_wconf 80' lang='lat' dir='ltr'>quod</span> 
     </span>
     <span class='ocr_line' id='line_1_11' title="bbox 456 1096 788 1149; baseline -0.003 -13"><span class='ocrx_word' id='word_1_97' title='bbox 456 1096 565 1137; x_wconf 90' lang='lat' dir='ltr'>scire</span> <span class='ocrx_word' id='word_1_98' title='bbox 587 1097 788 1149; x_wconf 87' lang='lat' dir='ltr'>possunt.</span> 
     </span>
    </p>

    <p class='ocr_par' dir='ltr' id='par_1_4' title="bbox 454 1158 2178 1287">
     <span class='ocr_line' id='line_1_12' title="bbox 542 1158 2178 1215; baseline -0.004 -10"><span class='ocrx_word' id='word_1_99' title='bbox 542 1164 757 1206; x_wconf 82' lang='lat' dir='ltr'>Ricardus</span> <span class='ocrx_word' id='word_1_100' title='bbox 781 1164 832 1205; x_wconf 91' lang='grc'>(16</span> <span class='ocrx_word' id='word_1_101' title='bbox 854 1164 1040 1205; x_wconf 90' lang='lat' dir='ltr'>Horton’</span> <span class='ocrx_word' id='word_1_102' title='bbox 1075 1162 1179 1204; x_wconf 86' lang='lat' dir='ltr'>dicit</span> <span class='ocrx_word' id='word_1_103' title='bbox 1212 1161 1326 1215; x_wconf 83' lang='lat' dir='ltr'>quod</span> <span class='ocrx_word' id='word_1_104' title='bbox 1358 1161 1573 1202; x_wconf 87' lang='lat' dir='ltr'>Robertus</span> <span class='ocrx_word' id='word_1_105' title='bbox 1607 1160 1657 1201; x_wconf 88' lang='lat' dir='ltr'>de</span> <span class='ocrx_word' id='word_1_106' title='bbox 1689 1160 1731 1201; x_wconf 82' lang='lat' dir='ltr'>la</span> <span class='ocrx_word' id='word_1_107' title='bbox 1763 1159 1942 1212; x_wconf 79' lang='lat' dir='ltr'>Langel’</span> <span class='ocrx_word' id='word_1_108' title='bbox 1975 1158 2094 1200; x_wconf 88' lang='lat' dir='ltr'>venit</span> <span class='ocrx_word' id='word_1_109' title='bbox 2126 1158 2178 1199; x_wconf 87' lang='lat' dir='ltr'>de</span> 
     </span>
     <span class='ocr_line' id='line_1_13' title="bbox 454 1227 2178 1287; baseline -0.005 -11"><span class='ocrx_word' id='word_1_110' title='bbox 454 1235 582 1276; x_wconf 88' lang='lat' dir='ltr'>bosco</span> <span class='ocrx_word' id='word_1_111' title='bbox 601 1247 699 1274; x_wconf 90' lang='lat' dir='ltr'>cum</span> <span class='ocrx_word' id='word_1_112' title='bbox 723 1233 911 1286; x_wconf 84' lang='lat' dir='ltr'>Hugone</span> <span class='ocrx_word' id='word_1_113' title='bbox 929 1231 1193 1287; x_wconf 79' lang='lat' dir='ltr'>[Kydelomb</span> <span class='ocrx_word' id='word_1_114' title='bbox 1216 1230 1276 1286; x_wconf 86' lang='lat' dir='ltr'>et]</span> <span class='ocrx_word' id='word_1_115' title='bbox 1299 1230 1383 1271; x_wconf 85' lang='lat' dir='ltr'>fuit</span> <span class='ocrx_word' id='word_1_116' title='bbox 1398 1229 1540 1271; x_wconf 88' lang='lat' dir='ltr'>socius</span> <span class='ocrx_word' id='word_1_117' title='bbox 1563 1229 1618 1271; x_wconf 87' lang='lat' dir='ltr'>ad</span> <span class='ocrx_word' id='word_1_118' title='bbox 1640 1229 1923 1271; x_wconf 78' lang='lat' dir='ltr'>venacionem</span> <span class='ocrx_word' id='word_1_119' title='bbox 1939 1227 2178 1269; x_wconf 86' lang='lat' dir='ltr'>ferendam.</span> 
     </span>
    </p>

    <p class='ocr_par' dir='ltr' id='par_1_5' title="bbox 452 1296 2181 1634">
     <span class='ocr_line' id='line_1_14' title="bbox 546 1296 2178 1355; baseline -0.004 -12"><span class='ocrx_word' id='word_1_120' title='bbox 546 1302 664 1344; x_wconf 86' lang='lat' dir='ltr'>Dicit</span> <span class='ocrx_word' id='word_1_121' title='bbox 699 1302 835 1343; x_wconf 88' lang='lat' dir='ltr'>eciam</span> <span class='ocrx_word' id='word_1_122' title='bbox 870 1301 984 1355; x_wconf 85' lang='lat' dir='ltr'>quod</span> <span class='ocrx_word' id='word_1_123' title='bbox 1015 1300 1261 1342; x_wconf 87' lang='lat' dir='ltr'>Willelmus</span> <span class='ocrx_word' id='word_1_124' title='bbox 1297 1300 1347 1340; x_wconf 87' lang='lat' dir='ltr'>de</span> <span class='ocrx_word' id='word_1_125' title='bbox 1381 1298 1668 1351; x_wconf 81' lang='lat' dir='ltr'>Wermigton&#39;</span> <span class='ocrx_word' id='word_1_126' title='bbox 1703 1299 1744 1339; x_wconf 89' lang='lat' dir='ltr'>et</span> <span class='ocrx_word' id='word_1_127' title='bbox 1777 1297 1955 1339; x_wconf 91' lang='lat' dir='ltr'>Colinus</span> <span class='ocrx_word' id='word_1_128' title='bbox 1987 1297 2039 1337; x_wconf 87' lang='lat' dir='ltr'>de</span> <span class='ocrx_word' id='word_1_129' title='bbox 2066 1296 2178 1350; x_wconf 85' lang='lat' dir='ltr'>Gey-</span> 
     </span>
     <span class='ocr_line' id='line_1_15' title="bbox 452 1365 2178 1426; baseline -0.005 -12"><span class='ocrx_word' id='word_1_130' title='bbox 452 1373 639 1426; x_wconf 82' lang='lat' dir='ltr'>tington’</span> <span class='ocrx_word' id='word_1_131' title='bbox 665 1374 768 1413; x_wconf 91' lang='lat' dir='ltr'>sunt</span> <span class='ocrx_word' id='word_1_132' title='bbox 788 1371 1089 1412; x_wconf 76' lang='lat' dir='ltr'>malefactores</span> <span class='ocrx_word' id='word_1_133' title='bbox 1105 1369 1157 1410; x_wconf 87' lang='lat' dir='ltr'>de</span> <span class='ocrx_word' id='word_1_134' title='bbox 1171 1368 1409 1410; x_wconf 87' lang='lat' dir='ltr'>venacione</span> <span class='ocrx_word' id='word_1_135' title='bbox 1432 1370 1474 1409; x_wconf 90' lang='lat' dir='ltr'>et</span> <span class='ocrx_word' id='word_1_136' title='bbox 1497 1368 1822 1409; x_wconf 89' lang='lat' dir='ltr'>consueuerunt</span> <span class='ocrx_word' id='word_1_137' title='bbox 1845 1366 2102 1408; x_wconf 85' lang='lat' dir='ltr'>malefacere</span> <span class='ocrx_word' id='word_1_138' title='bbox 2132 1365 2178 1406; x_wconf 91' lang='lat' dir='ltr'>in</span> 
     </span>
     <span class='ocr_line' id='line_1_16' title="bbox 453 1434 2181 1494; baseline -0.005 -11"><span class='ocrx_word' id='word_1_139' title='bbox 453 1442 534 1483; x_wconf 89' lang='lat' dir='ltr'>hoc</span> <span class='ocrx_word' id='word_1_140' title='bbox 557 1442 754 1494; x_wconf 82' lang='lat' dir='ltr'>Augusto</span> <span class='ocrx_word' id='word_1_141' title='bbox 777 1440 969 1494; x_wconf 84' lang='lat' dir='ltr'>qualibet</span> <span class='ocrx_word' id='word_1_142' title='bbox 993 1438 1242 1492; x_wconf 81' lang='lat' dir='ltr'>septimana</span> <span class='ocrx_word' id='word_1_143' title='bbox 1275 1439 1317 1479; x_wconf 89' lang='lat' dir='ltr'>et</span> <span class='ocrx_word' id='word_1_144' title='bbox 1350 1437 1464 1491; x_wconf 87' lang='lat' dir='ltr'>quod</span> <span class='ocrx_word' id='word_1_145' title='bbox 1495 1437 1740 1479; x_wconf 88' lang='lat' dir='ltr'>Willelmus</span> <span class='ocrx_word' id='word_1_146' title='bbox 1770 1435 1892 1477; x_wconf 88' lang='lat' dir='ltr'>Bolle</span> <span class='ocrx_word' id='word_1_147' title='bbox 1923 1434 2181 1476; x_wconf 85' lang='lat' dir='ltr'>forestarius</span> 
     </span>
     <span class='ocr_line' id='line_1_17' title="bbox 454 1504 2179 1559; baseline -0.005 -6"><span class='ocrx_word' id='word_1_148' title='bbox 454 1511 537 1553; x_wconf 91' lang='lat' dir='ltr'>fuit</span> <span class='ocrx_word' id='word_1_149' title='bbox 560 1510 840 1552; x_wconf 87' lang='lat' dir='ltr'>consenciens</span> <span class='ocrx_word' id='word_1_150' title='bbox 872 1509 946 1559; x_wconf 90' lang='lat' dir='ltr'>eis,</span> <span class='ocrx_word' id='word_1_151' title='bbox 971 1511 1013 1550; x_wconf 88' lang='lat' dir='ltr'>et</span> <span class='ocrx_word' id='word_1_152' title='bbox 1045 1508 1153 1550; x_wconf 87' lang='lat' dir='ltr'>bene</span> <span class='ocrx_word' id='word_1_153' title='bbox 1187 1507 1315 1549; x_wconf 87' lang='lat' dir='ltr'>sciuit</span> <span class='ocrx_word' id='word_1_154' title='bbox 1348 1507 1399 1549; x_wconf 88' lang='lat' dir='ltr'>de</span> <span class='ocrx_word' id='word_1_155' title='bbox 1431 1507 1505 1548; x_wconf 90' lang='lat' dir='ltr'>illo</span> <span class='ocrx_word' id='word_1_156' title='bbox 1536 1506 1796 1554; x_wconf 84' lang='lat' dir='ltr'>malefacto;</span> <span class='ocrx_word' id='word_1_157' title='bbox 1831 1507 1873 1547; x_wconf 91' lang='lat' dir='ltr'>et</span> <span class='ocrx_word' id='word_1_158' title='bbox 1906 1504 2010 1546; x_wconf 89' lang='lat' dir='ltr'>dicit</span> <span class='ocrx_word' id='word_1_159' title='bbox 2042 1504 2179 1546; x_wconf 88' lang='lat' dir='ltr'>eciam</span> 
     </span>
     <span class='ocr_line' id='line_1_18' title="bbox 454 1574 2062 1634; baseline -0.004 -13"><span class='ocrx_word' id='word_1_160' title='bbox 454 1580 568 1634; x_wconf 87' lang='lat' dir='ltr'>quod</span> <span class='ocrx_word' id='word_1_161' title='bbox 590 1581 786 1633; x_wconf 80' lang='lat' dir='ltr'>Rogerus</span> <span class='ocrx_word' id='word_1_162' title='bbox 811 1579 1010 1632; x_wconf 86' lang='lat' dir='ltr'>Caperun</span> <span class='ocrx_word' id='word_1_163' title='bbox 1035 1577 1143 1618; x_wconf 89' lang='lat' dir='ltr'>bene</span> <span class='ocrx_word' id='word_1_164' title='bbox 1166 1576 1295 1618; x_wconf 86' lang='lat' dir='ltr'>sciuit</span> <span class='ocrx_word' id='word_1_165' title='bbox 1319 1577 1370 1618; x_wconf 88' lang='lat' dir='ltr'>de</span> <span class='ocrx_word' id='word_1_166' title='bbox 1392 1576 1466 1618; x_wconf 90' lang='lat' dir='ltr'>illa</span> <span class='ocrx_word' id='word_1_167' title='bbox 1488 1575 1725 1617; x_wconf 86' lang='lat' dir='ltr'>venacione</span> <span class='ocrx_word' id='word_1_168' title='bbox 1747 1574 1898 1616; x_wconf 85' lang='lat' dir='ltr'>eadem</span> <span class='ocrx_word' id='word_1_169' title='bbox 1920 1576 2062 1615; x_wconf 86' lang='lat' dir='ltr'>nocte.</span> 
     </span>
    </p>

    <p class='ocr_par' dir='ltr' id='par_1_6' title="bbox 453 1644 2182 1843">
     <span class='ocr_line' id='line_1_19' title="bbox 542 1644 2180 1703; baseline -0.004 -12"><span class='ocrx_word' id='word_1_170' title='bbox 542 1650 658 1691; x_wconf 88' lang='lat' dir='ltr'>Dicit</span> <span class='ocrx_word' id='word_1_171' title='bbox 681 1649 819 1691; x_wconf 86' lang='lat' dir='ltr'>eciam</span> <span class='ocrx_word' id='word_1_172' title='bbox 843 1648 956 1703; x_wconf 86' lang='lat' dir='ltr'>quod</span> <span class='ocrx_word' id='word_1_173' title='bbox 979 1647 1225 1690; x_wconf 86' lang='lat' dir='ltr'>Willelmus</span> <span class='ocrx_word' id='word_1_174' title='bbox 1249 1647 1301 1688; x_wconf 88' lang='lat' dir='ltr'>de</span> <span class='ocrx_word' id='word_1_175' title='bbox 1332 1646 1607 1700; x_wconf 83' lang='lat' dir='ltr'>Wermigton</span> <span class='ocrx_word' id='word_1_176' title='bbox 1638 1644 1881 1698; x_wconf 85' lang='lat' dir='ltr'>receptauit</span> <span class='ocrx_word' id='word_1_177' title='bbox 1912 1644 2180 1686; x_wconf 88' lang='lat' dir='ltr'>Willelmum</span> 
     </span>
     <span class='ocr_line' id='line_1_20' title="bbox 453 1712 2182 1761; baseline -0.005 0"><span class='ocrx_word' id='word_1_178' title='bbox 453 1721 636 1761; x_wconf 88' lang='lat' dir='ltr'>fratrem</span> <span class='ocrx_word' id='word_1_179' title='bbox 672 1733 801 1760; x_wconf 88' lang='lat' dir='ltr'>suum</span> <span class='ocrx_word' id='word_1_180' title='bbox 837 1731 937 1759; x_wconf 87' lang='lat' dir='ltr'>cum</span> <span class='ocrx_word' id='word_1_181' title='bbox 974 1717 1211 1758; x_wconf 84' lang='lat' dir='ltr'>malefacto</span> <span class='ocrx_word' id='word_1_182' title='bbox 1254 1729 1347 1757; x_wconf 88' lang='lat' dir='ltr'>suo.</span> <span class='ocrx_word' id='word_1_183' title='bbox 1423 1716 1483 1757; x_wconf 90' lang='lat' dir='ltr'>Et</span> <span class='ocrx_word' id='word_1_184' title='bbox 1531 1715 1779 1756; x_wconf 89' lang='lat' dir='ltr'>Willelmus</span> <span class='ocrx_word' id='word_1_185' title='bbox 1816 1713 1933 1754; x_wconf 88' lang='lat' dir='ltr'>filius</span> <span class='ocrx_word' id='word_1_186' title='bbox 1975 1712 2182 1755; x_wconf 85' lang='lat' dir='ltr'>Fulconis</span> 
     </span>
     <span class='ocr_line' id='line_1_21' title="bbox 453 1785 1737 1843; baseline -0.005 -12"><span class='ocrx_word' id='word_1_187' title='bbox 453 1788 696 1843; x_wconf 88' lang='lat' dir='ltr'>receptauit</span> <span class='ocrx_word' id='word_1_188' title='bbox 720 1787 923 1831; x_wconf 86' lang='lat' dir='ltr'>Colinum</span> <span class='ocrx_word' id='word_1_189' title='bbox 948 1786 1088 1827; x_wconf 87' lang='lat' dir='ltr'>filium</span> <span class='ocrx_word' id='word_1_190' title='bbox 1113 1799 1242 1827; x_wconf 90' lang='lat' dir='ltr'>suum</span> <span class='ocrx_word' id='word_1_191' title='bbox 1266 1799 1366 1829; x_wconf 89' lang='lat' dir='ltr'>cum</span> <span class='ocrx_word' id='word_1_192' title='bbox 1390 1785 1622 1827; x_wconf 86' lang='lat' dir='ltr'>malefacto</span> <span class='ocrx_word' id='word_1_193' title='bbox 1646 1797 1737 1826; x_wconf 88' lang='lat' dir='ltr'>suo.</span> 
     </span>
    </p>
   </div>
   <div class='ocr_carea' id='block_1_4' title="bbox 457 1896 2185 2025">
    <p class='ocr_par' dir='ltr' id='par_1_7' title="bbox 457 1896 2185 2025">
     <span class='ocr_line' id='line_1_22' title="bbox 544 1896 2185 1952; baseline -0.003 -10"><span class='ocrx_word' id='word_1_194' title='bbox 544 1901 754 1942; x_wconf 87' lang='lat' dir='ltr'>Liberata</span> <span class='ocrx_word' id='word_1_195' title='bbox 787 1900 969 1941; x_wconf 90' lang='lat' dir='ltr'>fuerunt</span> <span class='ocrx_word' id='word_1_196' title='bbox 1013 1899 1203 1940; x_wconf 83' lang='lat' dir='ltr'>Radulfo</span> <span class='ocrx_word' id='word_1_197' title='bbox 1235 1898 1398 1940; x_wconf 81' lang='lat' dir='ltr'>vicario</span> <span class='ocrx_word' id='word_1_198' title='bbox 1431 1898 1482 1939; x_wconf 87' lang='grc'>(16</span> <span class='ocrx_word' id='word_1_199' title='bbox 1515 1897 1800 1952; x_wconf 82' lang='lat' dir='ltr'>Geytington&#39;</span> <span class='ocrx_word' id='word_1_200' title='bbox 1834 1897 1920 1938; x_wconf 90' lang='lat' dir='ltr'>dua</span> <span class='ocrx_word' id='word_1_201' title='bbox 1952 1896 2108 1938; x_wconf 90' lang='lat' dir='ltr'>robora</span> <span class='ocrx_word' id='word_1_202' title='bbox 2140 1896 2185 1937; x_wconf 91' lang='lat' dir='ltr'>in</span> 
     </span>
     <span class='ocr_line' id='line_1_23' title="bbox 457 1967 1551 2025; baseline -0.004 -12"><span class='ocrx_word' id='word_1_203' title='bbox 457 1973 618 2014; x_wconf 86' lang='lat' dir='ltr'>foresta</span> <span class='ocrx_word' id='word_1_204' title='bbox 642 1971 692 2012; x_wconf 88' lang='lat' dir='ltr'>de</span> <span class='ocrx_word' id='word_1_205' title='bbox 716 1969 998 2025; x_wconf 80' lang='lat' dir='ltr'>Geytington’</span> <span class='ocrx_word' id='word_1_206' title='bbox 1024 1969 1075 2011; x_wconf 83' lang='lat' dir='ltr'>de</span> <span class='ocrx_word' id='word_1_207' title='bbox 1099 1968 1212 2010; x_wconf 88' lang='lat' dir='ltr'>dono</span> <span class='ocrx_word' id='word_1_208' title='bbox 1235 1967 1401 2010; x_wconf 83' lang='lat' dir='ltr'>domini</span> <span class='ocrx_word' id='word_1_209' title='bbox 1424 1967 1551 2021; x_wconf 77' lang='lat' dir='ltr'>regis,</span> 
     </span>
    </p>
   </div>
   <div class='ocr_carea' id='block_1_5' title="bbox 1257 2217 1403 2258">
    <p class='ocr_par' dir='ltr' id='par_1_8' title="bbox 1257 2217 1403 2258">
     <span class='ocr_line' id='line_1_24' title="bbox 1257 2217 1403 2258; baseline -0.007 0"><span class='ocrx_word' id='word_1_210' title='bbox 1257 2217 1403 2258; x_wconf 72' lang='grc' dir='ltr'>ΧΙΙΙ.2</span> 
     </span>
    </p>
   </div>
   <div class='ocr_carea' id='block_1_6' title="bbox 462 2329 2188 2516">
    <p class='ocr_par' dir='ltr' id='par_1_9' title="bbox 462 2329 2188 2516">
     <span class='ocr_line' id='line_1_25' title="bbox 462 2329 2188 2378; baseline -0.003 0"><span class='ocrx_word' id='word_1_211' title='bbox 462 2332 1041 2378; x_wconf 78' lang='lat' dir='ltr'><strong>PERAMBULACIONES</strong></span> <span class='ocrx_word' id='word_1_212' title='bbox 1095 2330 1497 2373; x_wconf 77' lang='lat' dir='ltr'><strong>FORESTARUM</strong></span> <span class='ocrx_word' id='word_1_213' title='bbox 1552 2330 1740 2372; x_wconf 87' lang='lat' dir='ltr'>FACTE</span> <span class='ocrx_word' id='word_1_214' title='bbox 1795 2330 1854 2370; x_wconf 89' lang='lat' dir='ltr'>IN</span> <span class='ocrx_word' id='word_1_215' title='bbox 1909 2329 2188 2373; x_wconf 82' lang='lat' dir='ltr'><strong>DIUERSIS</strong></span> 
     </span>
     <span class='ocr_line' id='line_1_26' title="bbox 552 2399 2187 2447; baseline -0.004 -1"><span class='ocrx_word' id='word_1_216' title='bbox 552 2403 945 2447; x_wconf 81' lang='lat' dir='ltr'>COMITATIBUS</span> <span class='ocrx_word' id='word_1_217' title='bbox 998 2402 1153 2443; x_wconf 88' lang='lat' dir='ltr'>ANNO</span> <span class='ocrx_word' id='word_1_218' title='bbox 1206 2401 1395 2441; x_wconf 81' lang='lat' dir='ltr'><strong>REGNI</strong></span> <span class='ocrx_word' id='word_1_219' title='bbox 1455 2399 1636 2441; x_wconf 81' lang='lat' dir='ltr'><strong>REGIS</strong></span> <span class='ocrx_word' id='word_1_220' title='bbox 1697 2399 1981 2441; x_wconf 82' lang='lat' dir='ltr'><strong>EDWARDI</strong></span> <span class='ocrx_word' id='word_1_221' title='bbox 2038 2399 2187 2440; x_wconf 88' lang='lat' dir='ltr'><strong>FILII</strong></span> 
     </span>
     <span class='ocr_line' id='line_1_27' title="bbox 551 2469 1610 2516; baseline -0.006 0"><span class='ocrx_word' id='word_1_222' title='bbox 551 2474 731 2516; x_wconf 74' lang='lat' dir='ltr'><strong>REGIS</strong></span> <span class='ocrx_word' id='word_1_223' title='bbox 764 2471 1015 2514; x_wconf 82' lang='lat' dir='ltr'><strong>HENRICI</strong></span> <span class='ocrx_word' id='word_1_224' title='bbox 1048 2470 1335 2512; x_wconf 73' lang='lat' dir='ltr'><strong>VICECIMO</strong></span> <span class='ocrx_word' id='word_1_225' title='bbox 1370 2469 1610 2512; x_wconf 81' lang='lat' dir='ltr'><strong>OCTAUO.</strong></span> 
     </span>
    </p>
   </div>
   <div class='ocr_carea' id='block_1_7' title="bbox 465 2577 2190 2693">
    <p class='ocr_par' dir='ltr' id='par_1_10' title="bbox 465 2577 2190 2693">
     <span class='ocr_line' id='line_1_28' title="bbox 553 2577 2189 2630; baseline -0.004 -7"><span class='ocrx_word' id='word_1_226' title='bbox 553 2583 567 2605; x_wconf 77' lang='lat'>³</span> <span class='ocrx_word' id='word_1_227' title='bbox 586 2579 1179 2623; x_wconf 47' lang='grc' dir='ltr'>1106613.4-Ρ61·6111111116010</span> <span class='ocrx_word' id='word_1_228' title='bbox 1195 2581 1312 2622; x_wconf 80' lang='lat' dir='ltr'>facta</span> <span class='ocrx_word' id='word_1_229' title='bbox 1327 2581 1372 2622; x_wconf 92' lang='lat' dir='ltr'>in</span> <span class='ocrx_word' id='word_1_230' title='bbox 1388 2580 1599 2622; x_wconf 83' lang='lat' dir='ltr'>comitatu</span> <span class='ocrx_word' id='word_1_231' title='bbox 1614 2577 1843 2619; x_wconf 80' lang='lat' dir='ltr'>Boteland’</span> <span class='ocrx_word' id='word_1_232' title='bbox 1860 2591 2005 2619; x_wconf 87' lang='lat' dir='ltr'>coram</span> <span class='ocrx_word' id='word_1_233' title='bbox 2021 2577 2189 2630; x_wconf 78' lang='lat' dir='ltr'>Rogero</span> 
     </span>
     <span class='ocr_line' id='line_1_29' title="bbox 465 2645 2190 2693; baseline -0.004 0"><span class='ocrx_word' id='word_1_234' title='bbox 465 2652 503 2693; x_wconf 91' lang='lat' dir='ltr'>le</span> <span class='ocrx_word' id='word_1_235' title='bbox 546 2650 813 2692; x_wconf 84' lang='lat' dir='ltr'>Brabanzun</span> <span class='ocrx_word' id='word_1_236' title='bbox 848 2651 889 2689; x_wconf 91' lang='lat' dir='ltr'>et</span> <span class='ocrx_word' id='word_1_237' title='bbox 926 2648 1052 2690; x_wconf 85' lang='lat' dir='ltr'>sociis</span> <span class='ocrx_word' id='word_1_238' title='bbox 1086 2648 1176 2690; x_wconf 88' lang='lat' dir='ltr'>suis</span> <span class='ocrx_word' id='word_1_239' title='bbox 1211 2649 1307 2691; x_wconf 73' lang='grc'>(1165</span> <span class='ocrx_word' id='word_1_240' title='bbox 1339 2650 1464 2691; x_wconf 89' lang='lat' dir='ltr'>Lune</span> <span class='ocrx_word' id='word_1_241' title='bbox 1506 2648 1551 2690; x_wconf 93' lang='lat' dir='ltr'>in</span> <span class='ocrx_word' id='word_1_242' title='bbox 1584 2647 1775 2689; x_wconf 87' lang='lat' dir='ltr'>crastino</span> <span class='ocrx_word' id='word_1_243' title='bbox 1818 2645 1959 2687; x_wconf 85' lang='lat' dir='ltr'>sancti</span> <span class='ocrx_word' id='word_1_244' title='bbox 1992 2645 2190 2687; x_wconf 90' lang='lat' dir='ltr'>Nicholai</span> 
     </span>
    </p>
   </div>
   <div class='ocr_carea' id='block_1_8' title="bbox 1360 2735 2193 2864">
    <p class='ocr_par' dir='ltr' id='par_1_11' title="bbox 1360 2735 2193 2864">
     <span class='ocr_line' id='line_1_30' title="bbox 1360 2735 2191 2777; baseline -0.005 -6"><span class='ocrx_word' id='word_1_245' title='bbox 1360 2740 1419 2771; x_wconf 88' lang='lat' dir='ltr'>the</span> <span class='ocrx_word' id='word_1_246' title='bbox 1430 2739 1600 2770; x_wconf 86' lang='lat' dir='ltr'>reference</span> <span class='ocrx_word' id='word_1_247' title='bbox 1618 2737 1646 2768; x_wconf 85' lang='lat' dir='ltr'>is</span> <span class='ocrx_word' id='word_1_248' title='bbox 1664 2737 1781 2767; x_wconf 77' lang='lat' dir='ltr'>Forest</span> <span class='ocrx_word' id='word_1_249' title='bbox 1797 2736 2031 2777; x_wconf 58' lang='lat' dir='ltr'>Proceedinq&amp;</span> <span class='ocrx_word' id='word_1_250' title='bbox 2045 2735 2191 2767; x_wconf 72' lang='lat' dir='ltr'>Ancieut</span> 
     </span>
     <span class='ocr_line' id='line_1_31' title="bbox 1368 2779 2193 2822; baseline -0.007 -7"><span class='ocrx_word' id='word_1_251' title='bbox 1368 2784 1556 2822; x_wconf 71' lang='lat' dir='ltr'>Chmzcery,</span> <span class='ocrx_word' id='word_1_252' title='bbox 1568 2782 1629 2812; x_wconf 90' lang='lat' dir='ltr'>No.</span> <span class='ocrx_word' id='word_1_253' title='bbox 1644 2782 1715 2816; x_wconf 80' lang='lat'>102,</span> <span class='ocrx_word' id='word_1_254' title='bbox 1730 2781 1790 2811; x_wconf 85' lang='lat' dir='ltr'>but</span> <span class='ocrx_word' id='word_1_255' title='bbox 1800 2780 1858 2811; x_wconf 87' lang='lat' dir='ltr'>the</span> <span class='ocrx_word' id='word_1_256' title='bbox 1872 2780 1975 2811; x_wconf 86' lang='lat' dir='ltr'>forest</span> <span class='ocrx_word' id='word_1_257' title='bbox 1985 2781 2020 2810; x_wconf 85' lang='lat' dir='ltr'>of</span> <span class='ocrx_word' id='word_1_258' title='bbox 2033 2779 2193 2810; x_wconf 76' lang='lat' dir='ltr'>Windsor</span> 
     </span>
     <span class='ocr_line' id='line_1_32' title="bbox 1366 2823 2193 2864; baseline -0.007 -5"><span class='ocrx_word' id='word_1_259' title='bbox 1366 2838 1402 2859; x_wconf 86' lang='lat' dir='ltr'>or</span> <span class='ocrx_word' id='word_1_260' title='bbox 1416 2829 1548 2863; x_wconf 74' lang='lat' dir='ltr'>Surrey,</span> <span class='ocrx_word' id='word_1_261' title='bbox 1558 2826 1593 2856; x_wconf 83' lang='lat' dir='ltr'>of</span> <span class='ocrx_word' id='word_1_262' title='bbox 1604 2825 1715 2855; x_wconf 87' lang='lat' dir='ltr'>which</span> <span class='ocrx_word' id='word_1_263' title='bbox 1728 2834 1772 2855; x_wconf 94' lang='lat' dir='ltr'>no</span> <span class='ocrx_word' id='word_1_264' title='bbox 1784 2826 1862 2864; x_wconf 84' lang='lat' dir='ltr'>part</span> <span class='ocrx_word' id='word_1_265' title='bbox 1874 2834 1941 2854; x_wconf 77' lang='lat' dir='ltr'>was</span> <span class='ocrx_word' id='word_1_266' title='bbox 1956 2823 2193 2854; x_wconf 83' lang='lat' dir='ltr'>disafforested</span> 
     </span>
    </p>
   </div>
   <div class='ocr_carea' id='block_1_9' title="bbox 470 2738 1297 2869">
    <p class='ocr_par' dir='ltr' id='par_1_12' title="bbox 470 2738 1297 2869">
     <span class='ocr_line' id='line_1_33' title="bbox 514 2738 1140 2779; baseline -0.005 -8"><span class='ocrx_word' id='word_1_267' title='bbox 514 2743 520 2759; x_wconf 92' lang='lat'>¹</span> <span class='ocrx_word' id='word_1_268' title='bbox 548 2739 774 2779; x_wconf 80' lang='lat' dir='ltr'>Wednesday,</span> <span class='ocrx_word' id='word_1_269' title='bbox 793 2740 811 2769; x_wconf 79' lang='lat'>8</span> <span class='ocrx_word' id='word_1_270' title='bbox 830 2738 1030 2778; x_wconf 85' lang='lat' dir='ltr'>September</span> <span class='ocrx_word' id='word_1_271' title='bbox 1045 2739 1140 2769; x_wconf 85' lang='lat'>1255.</span> 
     </span>
     <span class='ocr_line' id='line_1_34' title="bbox 513 2782 1297 2823; baseline -0.003 -8"><span class='ocrx_word' id='word_1_272' title='bbox 513 2787 525 2803; x_wconf 80' lang='lat'>²</span> <span class='ocrx_word' id='word_1_273' title='bbox 549 2785 622 2815; x_wconf 89' lang='lat' dir='ltr'>The</span> <span class='ocrx_word' id='word_1_274' title='bbox 638 2784 756 2814; x_wconf 82' lang='lat' dir='ltr'>letters</span> <span class='ocrx_word' id='word_1_275' title='bbox 776 2785 896 2822; x_wconf 84' lang='lat' dir='ltr'>patent</span> <span class='ocrx_word' id='word_1_276' title='bbox 921 2783 987 2813; x_wconf 84' lang='lat' dir='ltr'>and</span> <span class='ocrx_word' id='word_1_277' title='bbox 1013 2782 1105 2812; x_wconf 83' lang='lat' dir='ltr'>writs</span> <span class='ocrx_word' id='word_1_278' title='bbox 1129 2782 1297 2823; x_wconf 80' lang='lat' dir='ltr'>directing</span> 
     </span>
     <span class='ocr_line' id='line_1_35' title="bbox 470 2826 1297 2869; baseline -0.004 -9"><span class='ocrx_word' id='word_1_279' title='bbox 470 2830 529 2860; x_wconf 83' lang='lat' dir='ltr'>the</span> <span class='ocrx_word' id='word_1_280' title='bbox 546 2827 842 2869; x_wconf 70' lang='lat' dir='ltr'>perambulations</span> <span class='ocrx_word' id='word_1_281' title='bbox 860 2827 894 2857; x_wconf 80' lang='lat' dir='ltr'>of</span> <span class='ocrx_word' id='word_1_282' title='bbox 910 2826 1062 2856; x_wconf 82' lang='lat' dir='ltr'>Rutland</span> <span class='ocrx_word' id='word_1_283' title='bbox 1079 2826 1147 2856; x_wconf 87' lang='lat' dir='ltr'>and</span> <span class='ocrx_word' id='word_1_284' title='bbox 1174 2827 1297 2867; x_wconf 80' lang='lat' dir='ltr'>Surrey</span> 
     </span>
    </p>
   </div>
   <div class='ocr_carea' id='block_1_10' title="bbox 470 2869 1298 3212">
    <p class='ocr_par' dir='ltr' id='par_1_13' title="bbox 470 2869 1298 3212">
     <span class='ocr_line' id='line_1_36' title="bbox 473 2869 1296 2909; baseline -0.002 -5"><span class='ocrx_word' id='word_1_285' title='bbox 473 2878 507 2904; x_wconf 74' lang='lat' dir='ltr'>to</span> <span class='ocrx_word' id='word_1_286' title='bbox 532 2874 570 2903; x_wconf 90' lang='lat' dir='ltr'>be</span> <span class='ocrx_word' id='word_1_287' title='bbox 594 2872 692 2903; x_wconf 83' lang='lat' dir='ltr'>made</span> <span class='ocrx_word' id='word_1_288' title='bbox 718 2881 773 2901; x_wconf 85' lang='lat' dir='ltr'>are</span> <span class='ocrx_word' id='word_1_289' title='bbox 792 2869 890 2901; x_wconf 79' lang='lat' dir='ltr'>dated</span> <span class='ocrx_word' id='word_1_290' title='bbox 916 2871 956 2900; x_wconf 77' lang='lat'>27</span> <span class='ocrx_word' id='word_1_291' title='bbox 985 2870 1183 2909; x_wconf 76' lang='lat' dir='ltr'>September</span> <span class='ocrx_word' id='word_1_292' title='bbox 1213 2872 1296 2902; x_wconf 66' lang='lat'>1299</span> 
     </span>
     <span class='ocr_line' id='line_1_37' title="bbox 479 2914 1295 2951; baseline -0.002 -3"><span class='ocrx_word' id='word_1_293' title='bbox 479 2917 545 2948; x_wconf 78' lang='lat' dir='ltr'>and</span> <span class='ocrx_word' id='word_1_294' title='bbox 564 2927 620 2947; x_wconf 81' lang='lat' dir='ltr'>are</span> <span class='ocrx_word' id='word_1_295' title='bbox 638 2914 796 2946; x_wconf 81' lang='lat' dir='ltr'>recorded</span> <span class='ocrx_word' id='word_1_296' title='bbox 815 2924 857 2944; x_wconf 90' lang='lat' dir='ltr'>on</span> <span class='ocrx_word' id='word_1_297' title='bbox 875 2914 999 2944; x_wconf 75' lang='lat' dir='ltr'>Patent</span> <span class='ocrx_word' id='word_1_298' title='bbox 1017 2914 1091 2943; x_wconf 83' lang='lat' dir='ltr'>Roll</span> <span class='ocrx_word' id='word_1_299' title='bbox 1112 2915 1184 2947; x_wconf 76' lang='lat'>118,</span> <span class='ocrx_word' id='word_1_300' title='bbox 1198 2925 1243 2945; x_wconf 90' lang='lat' dir='ltr'>m.</span> <span class='ocrx_word' id='word_1_301' title='bbox 1257 2916 1274 2946; x_wconf 78' lang='lat'>9</span> <span class='ocrx_word' id='word_1_302' title='bbox 1289 2926 1295 2951; x_wconf 85' lang='grc'>;</span> 
     </span>
     <span class='ocr_line' id='line_1_38' title="bbox 474 2957 1296 2996; baseline -0.004 -4"><span class='ocrx_word' id='word_1_303' title='bbox 474 2962 571 2992; x_wconf 84' lang='lat' dir='ltr'>those</span> <span class='ocrx_word' id='word_1_304' title='bbox 592 2959 759 2995; x_wconf 62' lang='lat' dir='ltr'>directing</span> <span class='ocrx_word' id='word_1_305' title='bbox 776 2958 835 2989; x_wconf 86' lang='lat' dir='ltr'>the</span> <span class='ocrx_word' id='word_1_306' title='bbox 853 2957 1148 2996; x_wconf 70' lang='lat' dir='ltr'>pei-ambulatione</span> <span class='ocrx_word' id='word_1_307' title='bbox 1166 2961 1200 2989; x_wconf 83' lang='lat' dir='ltr'>of</span> <span class='ocrx_word' id='word_1_308' title='bbox 1216 2960 1296 2989; x_wconf 82' lang='lat' dir='ltr'>Not-</span> 
     </span>
     <span class='ocr_line' id='line_1_39' title="bbox 472 3000 1298 3044; baseline -0.005 -9"><span class='ocrx_word' id='word_1_309' title='bbox 472 3005 627 3044; x_wconf 78' lang='lat' dir='ltr'>tingham</span> <span class='ocrx_word' id='word_1_310' title='bbox 656 3003 723 3034; x_wconf 78' lang='lat' dir='ltr'>and</span> <span class='ocrx_word' id='word_1_311' title='bbox 749 3001 916 3033; x_wconf 82' lang='lat' dir='ltr'>Warwick</span> <span class='ocrx_word' id='word_1_312' title='bbox 946 3011 1001 3032; x_wconf 83' lang='lat' dir='ltr'>are</span> <span class='ocrx_word' id='word_1_313' title='bbox 1027 3000 1129 3032; x_wconf 84' lang='lat' dir='ltr'>dated</span> <span class='ocrx_word' id='word_1_314' title='bbox 1158 3003 1174 3032; x_wconf 89' lang='lat'>1</span> <span class='ocrx_word' id='word_1_315' title='bbox 1202 3002 1298 3041; x_wconf 87' lang='lat' dir='ltr'>April</span> 
     </span>
     <span class='ocr_line' id='line_1_40' title="bbox 473 3045 1297 3082; baseline -0.005 -2"><span class='ocrx_word' id='word_1_316' title='bbox 473 3050 556 3080; x_wconf 87' lang='grc'>1300</span> <span class='ocrx_word' id='word_1_317' title='bbox 573 3047 640 3078; x_wconf 85' lang='lat' dir='ltr'>and</span> <span class='ocrx_word' id='word_1_318' title='bbox 663 3057 720 3077; x_wconf 80' lang='lat' dir='ltr'>are</span> <span class='ocrx_word' id='word_1_319' title='bbox 737 3045 894 3076; x_wconf 79' lang='lat' dir='ltr'>recorded</span> <span class='ocrx_word' id='word_1_320' title='bbox 913 3054 955 3075; x_wconf 88' lang='lat' dir='ltr'>on</span> <span class='ocrx_word' id='word_1_321' title='bbox 981 3045 1104 3075; x_wconf 80' lang='lat' dir='ltr'>Patent</span> <span class='ocrx_word' id='word_1_322' title='bbox 1128 3045 1205 3076; x_wconf 79' lang='lat' dir='ltr'>Roll</span> <span class='ocrx_word' id='word_1_323' title='bbox 1224 3048 1297 3082; x_wconf 74' lang='lat'>119,</span> 
     </span>
     <span class='ocr_line' id='line_1_41' title="bbox 471 3088 1296 3129; baseline -0.005 -5"><span class='ocrx_word' id='word_1_324' title='bbox 471 3103 516 3123; x_wconf 88' lang='lat' dir='ltr'>m.</span> <span class='ocrx_word' id='word_1_325' title='bbox 545 3094 595 3123; x_wconf 76' lang='lat'>19.</span> <span class='ocrx_word' id='word_1_326' title='bbox 642 3090 714 3121; x_wconf 87' lang='lat' dir='ltr'>The</span> <span class='ocrx_word' id='word_1_327' title='bbox 745 3088 1039 3129; x_wconf 78' lang='lat' dir='ltr'>perambulations</span> <span class='ocrx_word' id='word_1_328' title='bbox 1067 3089 1101 3119; x_wconf 80' lang='lat' dir='ltr'>of</span> <span class='ocrx_word' id='word_1_329' title='bbox 1134 3089 1296 3123; x_wconf 70' lang='lat' dir='ltr'>Rutland¹</span> 
     </span>
     <span class='ocr_line' id='line_1_42' title="bbox 470 3132 1296 3174; baseline -0.005 -6"><span class='ocrx_word' id='word_1_330' title='bbox 470 3135 697 3174; x_wconf 74' lang='lat' dir='ltr'>Nottingham</span> <span class='ocrx_word' id='word_1_331' title='bbox 722 3133 789 3164; x_wconf 84' lang='lat' dir='ltr'>and</span> <span class='ocrx_word' id='word_1_332' title='bbox 807 3132 972 3164; x_wconf 83' lang='lat' dir='ltr'>Warwick</span> <span class='ocrx_word' id='word_1_333' title='bbox 996 3142 1052 3163; x_wconf 84' lang='lat' dir='ltr'>are</span> <span class='ocrx_word' id='word_1_334' title='bbox 1077 3133 1235 3163; x_wconf 83' lang='lat' dir='ltr'>recorded</span> <span class='ocrx_word' id='word_1_335' title='bbox 1253 3144 1296 3164; x_wconf 88' lang='lat' dir='ltr'>on</span> 
     </span>
     <span class='ocr_line' id='line_1_43' title="bbox 472 3176 1295 3212; baseline -0.006 0"><span class='ocrx_word' id='word_1_336' title='bbox 472 3181 530 3212; x_wconf 77' lang='lat' dir='ltr'>the</span> <span class='ocrx_word' id='word_1_337' title='bbox 548 3181 651 3211; x_wconf 75' lang='lat' dir='ltr'>Great</span> <span class='ocrx_word' id='word_1_338' title='bbox 668 3177 743 3209; x_wconf 85' lang='lat' dir='ltr'>Roll</span> <span class='ocrx_word' id='word_1_339' title='bbox 761 3178 795 3208; x_wconf 79' lang='lat' dir='ltr'>of</span> <span class='ocrx_word' id='word_1_340' title='bbox 812 3176 1107 3207; x_wconf 79' lang='lat' dir='ltr'>Perambulations</span> <span class='ocrx_word' id='word_1_341' title='bbox 1125 3180 1158 3207; x_wconf 83' lang='lat' dir='ltr'>to</span> <span class='ocrx_word' id='word_1_342' title='bbox 1183 3176 1295 3207; x_wconf 76' lang='lat' dir='ltr'>which</span> 
     </span>
    </p>
   </div>
   <div class='ocr_carea' id='block_1_11' title="bbox 1366 2867 2204 3209">
    <p class='ocr_par' dir='ltr' id='par_1_14' title="bbox 1366 2867 2204 2946">
     <span class='ocr_line' id='line_1_44' title="bbox 1366 2867 2204 2909; baseline -0.006 -7"><span class='ocrx_word' id='word_1_343' title='bbox 1366 2872 1401 2902; x_wconf 90' lang='lat' dir='ltr'>in</span> <span class='ocrx_word' id='word_1_344' title='bbox 1426 2879 1659 2909; x_wconf 83' lang='lat' dir='ltr'>consequence</span> <span class='ocrx_word' id='word_1_345' title='bbox 1685 2869 1719 2899; x_wconf 84' lang='lat' dir='ltr'>of</span> <span class='ocrx_word' id='word_1_346' title='bbox 1745 2868 1803 2898; x_wconf 86' lang='lat' dir='ltr'>the</span> <span class='ocrx_word' id='word_1_347' title='bbox 1827 2867 2133 2907; x_wconf 83' lang='lat' dir='ltr'>perambulations,</span> <span class='ocrx_word' id='word_1_348' title='bbox 2165 2867 2204 2897; x_wconf 53' lang='lat' dir='ltr'>is&gt;</span> 
     </span>
     <span class='ocr_line' id='line_1_45' title="bbox 1366 2911 1840 2946; baseline -0.011 0"><span class='ocrx_word' id='word_1_349' title='bbox 1366 2918 1426 2946; x_wconf 86' lang='lat' dir='ltr'>not</span> <span class='ocrx_word' id='word_1_350' title='bbox 1442 2913 1601 2945; x_wconf 86' lang='lat' dir='ltr'>recorded</span> <span class='ocrx_word' id='word_1_351' title='bbox 1620 2923 1663 2943; x_wconf 93' lang='lat' dir='ltr'>on</span> <span class='ocrx_word' id='word_1_352' title='bbox 1681 2911 1750 2943; x_wconf 84' lang='lat' dir='ltr'>this</span> <span class='ocrx_word' id='word_1_353' title='bbox 1767 2911 1840 2942; x_wconf 88' lang='lat' dir='ltr'>roll.</span> 
     </span>
    </p>

    <p class='ocr_par' dir='ltr' id='par_1_15' title="bbox 1367 2954 2194 3037">
     <span class='ocr_line' id='line_1_46' title="bbox 1411 2954 2194 2996; baseline -0.006 -7"><span class='ocrx_word' id='word_1_354' title='bbox 1411 2960 1422 2976; x_wconf 81' lang='lat'>²</span> <span class='ocrx_word' id='word_1_355' title='bbox 1446 2959 1563 2989; x_wconf 76' lang='lat' dir='ltr'>Forest</span> <span class='ocrx_word' id='word_1_356' title='bbox 1580 2956 1813 2996; x_wconf 68' lang='lat' dir='ltr'>Proceecliusls,</span> <span class='ocrx_word' id='word_1_357' title='bbox 1831 2954 1978 2986; x_wconf 62' lang='lat' dir='ltr'>Anciewzt</span> <span class='ocrx_word' id='word_1_358' title='bbox 2004 2954 2194 2994; x_wconf 69' lang='grc' dir='ltr'>ΟΙιαησρνῃ,</span> 
     </span>
     <span class='ocr_line' id='line_1_47' title="bbox 1367 3001 1654 3037; baseline -0.01 -4"><span class='ocrx_word' id='word_1_359' title='bbox 1367 3003 1428 3033; x_wconf 91' lang='lat' dir='ltr'>No.</span> <span class='ocrx_word' id='word_1_360' title='bbox 1448 3003 1521 3037; x_wconf 73' lang='lat'>102,</span> <span class='ocrx_word' id='word_1_361' title='bbox 1538 3011 1583 3031; x_wconf 90' lang='lat' dir='ltr'>m.</span> <span class='ocrx_word' id='word_1_362' title='bbox 1604 3001 1654 3031; x_wconf 85' lang='lat'>15.</span> 
     </span>
    </p>

    <p class='ocr_par' dir='ltr' id='par_1_16' title="bbox 1366 3041 2193 3173">
     <span class='ocr_line' id='line_1_48' title="bbox 1412 3041 2193 3076; baseline -0.006 0"><span class='ocrx_word' id='word_1_363' title='bbox 1412 3047 1421 3064; x_wconf 84' lang='lat'>⁴</span> <span class='ocrx_word' id='word_1_364' title='bbox 1439 3046 1511 3076; x_wconf 86' lang='lat' dir='ltr'>The</span> <span class='ocrx_word' id='word_1_365' title='bbox 1529 3043 1734 3075; x_wconf 85' lang='lat' dir='ltr'>boundaries</span> <span class='ocrx_word' id='word_1_366' title='bbox 1752 3043 1785 3073; x_wconf 79' lang='lat' dir='ltr'>of</span> <span class='ocrx_word' id='word_1_367' title='bbox 1802 3042 1860 3073; x_wconf 85' lang='lat' dir='ltr'>the</span> <span class='ocrx_word' id='word_1_368' title='bbox 1873 3042 1977 3072; x_wconf 84' lang='lat' dir='ltr'>forest</span> <span class='ocrx_word' id='word_1_369' title='bbox 1992 3042 2026 3072; x_wconf 82' lang='lat' dir='ltr'>of</span> <span class='ocrx_word' id='word_1_370' title='bbox 2042 3041 2193 3072; x_wconf 80' lang='lat' dir='ltr'>Rutland</span> 
     </span>
     <span class='ocr_line' id='line_1_49' title="bbox 1366 3085 2192 3129; baseline -0.007 -8"><span class='ocrx_word' id='word_1_371' title='bbox 1366 3100 1404 3121; x_wconf 81' lang='lat' dir='ltr'>as</span> <span class='ocrx_word' id='word_1_372' title='bbox 1422 3090 1503 3129; x_wconf 82' lang='lat' dir='ltr'>they</span> <span class='ocrx_word' id='word_1_373' title='bbox 1522 3098 1605 3119; x_wconf 85' lang='lat' dir='ltr'>were</span> <span class='ocrx_word' id='word_1_374' title='bbox 1623 3087 1656 3117; x_wconf 88' lang='lat' dir='ltr'>in</span> <span class='ocrx_word' id='word_1_375' title='bbox 1675 3086 1733 3117; x_wconf 84' lang='lat' dir='ltr'>the</span> <span class='ocrx_word' id='word_1_376' title='bbox 1758 3086 1851 3124; x_wconf 80' lang='lat' dir='ltr'>reign</span> <span class='ocrx_word' id='word_1_377' title='bbox 1877 3087 1911 3116; x_wconf 83' lang='lat' dir='ltr'>of</span> <span class='ocrx_word' id='word_1_378' title='bbox 1935 3086 2053 3125; x_wconf 88' lang='lat' dir='ltr'>Henry</span> <span class='ocrx_word' id='word_1_379' title='bbox 2070 3085 2117 3115; x_wconf 84' lang='lat' dir='ltr'>iii.</span> <span class='ocrx_word' id='word_1_380' title='bbox 2135 3095 2192 3116; x_wconf 75' lang='lat' dir='ltr'>are</span> 
     </span>
     <span class='ocr_line' id='line_1_50' title="bbox 1366 3130 1812 3173; baseline -0.009 -9"><span class='ocrx_word' id='word_1_381' title='bbox 1366 3133 1499 3173; x_wconf 85' lang='lat' dir='ltr'>printed</span> <span class='ocrx_word' id='word_1_382' title='bbox 1517 3142 1560 3163; x_wconf 90' lang='lat' dir='ltr'>on</span> <span class='ocrx_word' id='word_1_383' title='bbox 1577 3141 1609 3171; x_wconf 90' lang='lat' dir='ltr'>p.</span> <span class='ocrx_word' id='word_1_384' title='bbox 1627 3133 1679 3164; x_wconf 81' lang='lat'>53.</span> <span class='ocrx_word' id='word_1_385' title='bbox 1697 3130 1812 3161; x_wconf 82' lang='lat' dir='ltr'>above.</span> 
     </span>
    </p>

    <p class='ocr_par' dir='ltr' id='par_1_17' title="bbox 1409 3175 1777 3209">
     <span class='ocr_line' id='line_1_51' title="bbox 1409 3175 1777 3209; baseline -0.016 0"><span class='ocrx_word' id='word_1_386' title='bbox 1409 3179 1420 3195; x_wconf 72' lang='lat'>⁵</span> <span class='ocrx_word' id='word_1_387' title='bbox 1445 3179 1462 3209; x_wconf 94' lang='lat'><strong>7</strong></span> <span class='ocrx_word' id='word_1_388' title='bbox 1482 3176 1666 3207; x_wconf 85' lang='lat' dir='ltr'>December</span> <span class='ocrx_word' id='word_1_389' title='bbox 1684 3175 1777 3205; x_wconf 74' lang='lat'>1299.</span> 
     </span>
    </p>
   </div>
  </div>
 </body>
</html>
