2421 3529
289 2172 308 2189 x
321 2165 394 2190 libre

506 319 599 365 129
757 329 1062 364 SELEC‘HONS
1098 329 1237 364 FROM
1275 329 1377 363 THE
1414 328 1604 363 FOREST
1641 328 1777 363 EYRE
1813 328 1974 363 ROLLS

1301 548 1434 591 XVI)

507 674 754 716 PLACITA
815 673 1083 716 FORESTE
1147 672 1304 714 APUD
1365 671 1768 714 HUNTYNDONE
1833 670 1895 711 IN
1958 669 2232 712 ΟΟΤΑΒΙΞ2

596 742 968 785 NATIUITATIS
1042 742 1249 785 SANGTI
1339 740 1624 783 IOHANNIS
1705 739 1989 781 BAPTISTE
2073 738 2229 780 ANNO

593 811 780 854 REGNI
860 810 1041 854 REGIS
1131 810 1413 852 EDWARDI
1485 808 1946 861 QUARTODECIMO
2030 807 2231 849 CORAM

594 880 833 922 ROGERO
865 878 1200 928 EXTRANEO,
1233 878 1424 920 PETRO
1463 877 1542 918 DE
1576 877 1818 919 LENCHE
1853 877 1929 917 ΕΤ
1962 876 2229 918 ΙΟΗΑΝΝΕ

595 948 756 990 FILIO
819 947 1069 991 NIGELLI
1130 946 1510 989 IUSTICIARIIS
1572 946 1650 987 AD
1711 945 1924 986 EADEM
1985 944 2233 986 PLACITA

597 1017 910 1058 AUDIENDA
950 1016 1027 1057 ET
1071 1015 1464 1057 TERMINANDA
1505 1014 1866 1058 ASSIGNATIS.

707 1246 906 1280 ³P1acita
930 1254 1145 1280 warenne
1160 1246 1170 1263 ⁴
1194 1245 1251 1279 de
1277 1243 1577 1286 cantebrigge
1602 1244 1726 1286 apud
1751 1243 2044 1286 Huntedon’3

511 1334 764 1387 presentata
795 1346 871 1386 per
893 1332 1134 1374 Robertum
1158 1332 1210 1374 de
1233 1332 1438 1381 Cadamo‚
1462 1332 1701 1373 Ricardum
1723 1331 1896 1385 Aubyn,
1919 1331 2162 1373 Robertum
2185 1332 2237 1374 de

511 1403 746 1451 Houcton’,
771 1401 987 1443 Thomam
1013 1401 1052 1442 le
1080 1401 1288 1450 Foeman,
1322 1401 1563 1442 Radulfum
1596 1400 1778 1449 Giffard,
1810 1400 2055 1442 Henricum
2079 1400 2237 1442 Cham-

510 1470 659 1524 pioun,
687 1470 964 1523 Stephanum
987 1469 1211 1518 Katerine,
1239 1469 1485 1510 Iohannem
1515 1469 1567 1510 de
1599 1470 1638 1510 13
1660 1469 1831 1519 Howes,
1855 1469 2075 1522 Rogerum
2097 1469 2239 1510 filium

513 1539 691 1588 Thome,
733 1538 1001 1580 Willelmum
1041 1538 1392 1592 Chaumpeneys,
1430 1538 1672 1580 Robertum
1704 1538 1928 1590 Katerine,
1971 1539 2239 1581 Willelmum

514 1608 662 1661 Payne
686 1609 727 1649 et
749 1607 994 1648 Iohannem
1018 1607 1069 1648 de
1094 1607 1426 1661 Grantesteyde.

602 1676 831 1730 Philippus
855 1676 905 1717 de
929 1676 1120 1718 Coleuile
1143 1678 1185 1717 et
1208 1676 1447 1718 familiares
1471 1676 1551 1726 sui,
1567 1690 1755 1730 quorum
1768 1675 1950 1718 nomina
1966 1676 2240 1730 ignorantur,

516 1759 617 1787 cum
648 1745 874 1799 leporariis
907 1745 1101 1786 eiusdem
1125 1744 1316 1799 Philippi
1349 1745 1546 1786 consueti
1579 1746 1756 1787 fuerunt
1789 1745 1955 1786 intrare
1987 1759 2241 1787 warennam

517 1814 683 1856 domini
704 1814 818 1867 regis
841 1814 893 1855 de
920 1813 1224 1867 Cantebrigge‚
1249 1817 1290 1855 et
1313 1828 1466 1867 capere
1488 1815 1654 1868 lepores
1676 1814 1722 1854 in
1745 1814 1898 1856 eadem
1931 1813 2024 1855 sine
2045 1816 2242 1855 waranto

517 1886 713 1937 tempore
735 1883 848 1936 regis
866 1883 1048 1924 Henrici
1064 1897 1198 1936 vsque
1220 1883 1275 1924 ad
1299 1883 1465 1925 obitum
1484 1897 1614 1924 suum
1637 1887 1679 1924 et
1702 1883 1840 1925 eciam
1857 1885 2054 1937 tempore
2076 1882 2243 1924 domini

518 1953 632 2006 regis
654 1966 772 1993 nunc
794 1966 929 2005 vsque
953 1952 1007 1993 ad
1030 1966 1199 1993 annum
1226 1952 1349 2006 regni
1382 1952 1450 1993 sui
1481 1952 1803 1994 duodecimum.
1865 1953 1989 1994 Idem
2012 1951 2244 2006 Philippus

519 2035 607 2063 non
629 2021 749 2063 venit
772 2035 850 2062 nec
882 2021 966 2062 fuit
998 2021 1283 2062 attachiatus.
1347 2021 1449 2063 Ideo
1480 2023 1735 2075 preceptum
1758 2023 1823 2062 est
1854 2020 2098 2062 vicecomiti
2129 2021 2244 2074 quod

521 2090 651 2132 faciat
669 2104 770 2131 eum
787 2089 934 2132 venire
956 2090 1072 2143 apud
1095 2089 1350 2131 Huntedon’
1371 2090 1462 2132 die⁵
1483 2090 1641 2132 Martis
1662 2090 1708 2131 in
1730 2089 2007 2144 carniprivio.
2051 2089 2135 2142 Qui
2155 2103 2245 2132 non

520 2159 654 2200 venit.
715 2158 818 2200 Ideo
841 2158 891 2199 de
914 2172 962 2200 eo
985 2158 1134 2199 decem
1156 2159 1278 2199 libre.

610 2227 827 2268 Henricus
849 2227 965 2268 filius
987 2227 1169 2268 Heni-ici
1191 2227 1243 2269 de
1266 2227 1508 2281 Chylderle,
1532 2227 1606 2282 qui
1636 2227 1769 2269 habet
1800 2229 1941 2270 terras
1963 2226 2009 2268 in
2032 2227 2246 2269 comitatu

524 2295 815 2350 cantebrigg,
839 2298 1072 2337 consuetus
1095 2296 1178 2338 fuit
1201 2297 1351 2350 fugare
1383 2299 1425 2338 et
1458 2311 1610 2350 capere
1627 2298 1641 2321 ⁶
1663 2297 1830 2350 lepores
1853 2297 1898 2338 in
1922 2310 2128 2339 warenna
2149 2310 2243 2350 pre-

524 2366 640 2407 dicta
662 2378 762 2406 cum
783 2365 1008 2418 leporariis
1023 2365 1205 2418 predicti
1226 2365 1364 2420 patris
1388 2365 1470 2416 sui,
1494 2365 1569 2419 qui
1589 2368 1790 2408 mortuus
1813 2368 1893 2416 est,
1917 2368 2112 2419 tempore
2134 2365 2247 2419 regis

525 2434 707 2476 Hen1·ici
728 2448 860 2487 vsque
893 2434 947 2475 ad
980 2434 1148 2475 obitum
1172 2448 1316 2476 suum.
1378 2434 1500 2476 Idem
1523 2435 1742 2476 Henricus
1774 2448 1863 2476 non
1897 2434 2017 2476 venit
2049 2448 2128 2476 nec
2164 2434 2248 2476 fuit

527 2502 808 2545 attachiatus.
870 2503 973 2544 Ideo
1004 2504 1261 2556 preceptum
1293 2505 1358 2545 est
1389 2503 1633 2545 vicecomiti
1665 2504 1779 2557 quod
1811 2503 1943 2545 faciat
1976 2517 2076 2545 eum
2098 2503 2247 2545 venire

527 2573 582 2614 ad
605 2573 719 2614 diem
740 2571 999 2625 predictum.
1063 2571 1145 2624 Qui
1166 2586 1255 2614 non
1277 2571 1410 2614 venit.
1472 2572 1575 2614 Ideo
1598 2572 1649 2614 de
1671 2586 1720 2614 eo
1742 2586 1831 2614 una
1853 2586 2017 2614 marca.

615 2641 830 2682 Robertus
881 2640 997 2681 filius
1038 2640 1209 2693 Rogeri,
1263 2641 1457 2691 clericus,
1500 2641 1552 2683 de
1604 2641 1857 2695 episcopatu
1911 2642 2162 2695 Norwycen’
2207 2642 2250 2682 et

528 2709 742 2758 London',
766 2711 959 2762 tempore
982 2722 1065 2762 quo
1097 2708 1180 2750 fuit
1213 2709 1392 2751 scolaris
1423 2709 1724 2751 Vniuersitatis
1747 2709 2011 2762 Cantebrig'‚
2035 2709 2248 2758 videlicet,

528 2780 724 2831 tempore
757 2776 871 2830 regis
904 2776 1087 2818 Henrici
1128 2779 1170 2819 et
1212 2777 1350 2819 eciam
1391 2780 1588 2832 tempore
1628 2778 1743 2832 regis
1775 2778 1982 2820 Edwardi
2023 2791 2160 2831 usque
2194 2777 2249 2819 ad

530 2860 698 2888 annum
720 2845 843 2899 regni
865 2845 933 2887 3111
956 2845 1261 2887 (1110(130111111111
1282 2860 1358 2899 per
1381 2847 1599 2888 aduentus
1622 2860 1724 2888 31103
1752 2847 1869 2900 apud
1892 2846 2183 2899 Cantebrigg',
2207 2847 2250 2887 et

531 2914 768 2958 familiares
811 2914 879 2956 sui
921 2914 1117 2956 consueti
1159 2914 1337 2956 fuerunt
1373 2915 1539 2958 intrare
1575 2929 1826 2958 warennam
1866 2915 2109 2969 predictam
2150 2927 2250 2956 cum

596 3034 604 3052 ¹
630 3033 709 3064 For.
726 3032 836 3068 Proc.³
857 3032 912 3062 Tr.
929 3032 966 3073 os
982 3031 1071 3069 Rea,
1089 3032 1152 3063 No.
1169 3032 1222 3063 44.
1422 3032 1581 3064 recorded
1599 3042 1642 3064 on
1658 3032 1717 3064 the
1733 3032 1901 3064 Hundred
1916 3031 2013 3063 Rolls
2042 3031 2112 3073 (see
2129 3030 2252 3063 Rotuzi

596 3078 609 3095 ²
634 3078 651 3107 1
669 3076 749 3115 July
766 3076 862 3107 1286.
1422 3076 1704 3113 Hundredorum,
1722 3076 1786 3107 vol.
1803 3076 1837 3106 ii.
1854 3086 1886 3117 p.
1905 3076 1994 3116 406).

596 3122 608 3139 ³
630 3120 707 3150 Roll
724 3121 754 3150 3.
1489 3122 1501 3139 ⁵
1525 3121 1565 3150 25
1582 3119 1754 3159 February
1773 3119 1863 3160 1283.

598 3164 609 3181 ⁴
633 3163 718 3194 This
735 3172 862 3193 warren
890 3171 956 3192 was
983 3163 1214 3202 appartenant
1238 3163 1273 3194 to
1296 3162 1355 3194 the
1489 3164 1501 3181 ⁶
1525 3164 1595 3196 MS.
1614 3164 1792 3205 ‘carpere'

532 3206 636 3238 cas-fle
665 3208 698 3237 of
725 3205 935 3245 Cambridge.
983 3206 1033 3237 Its
1062 3206 1266 3238 bounda-ries
1299 3216 1354 3238 are
