2421 3529
215 576 385 601 mandatum

213 610 266 634 est.

215 853 234 883 ij
251 860 362 880 murce:

215 895 271 911 11011
287 893 352 911 suut
367 894 396 911 ln

212 1510 220 1541 J'
236 1517 340 1536 marca.

212 1585 318 1609 miseri-

213 1619 316 1643 cerdic.

450 239 508 283 2]
704 247 1011 283 SELECTIONS
1045 248 1186 283 FROM
1222 248 1326 282 THE
1361 248 1552 284 FOREST
1587 247 1725 282 EYRE
1761 248 1921 283 ROLLS

450 360 630 415 quidam
654 360 850 402 Norman
873 360 1018 414 garcio
1040 360 1235 403 eiusdem
1259 360 1390 402 simul
1412 375 1512 403 cum
1534 361 1628 415 ipso
1661 361 1840 402 fuerunt
1872 363 2177 406 malefactores

449 430 501 472 de
523 429 759 471 venacione
782 430 949 471 domini
970 430 1098 483 regis.
1160 430 1222 471 Et
1245 430 1359 483 quod
1382 430 1497 472 idem
1520 431 1717 472 Norman
1743 431 1959 484 Sampson
1981 433 2177 475 vendidit

450 501 537 540 tres
561 512 745 552 quercus
771 498 817 539 in
839 499 1071 552 Wauberg'
1094 513 1104 548 ;
1139 500 1181 540 et
1204 498 1318 552 quod
1350 499 1498 552 plures
1530 499 1640 540 alias
1673 499 1774 540 fecit
1805 501 2177 554 transgressiones

448 568 553 610 dum
577 568 659 610 fuit
692 568 959 618 forestarius,
983 568 1078 609 ideo
1112 568 1376 610 mandatum
1399 570 1464 610 est
1495 568 1742 610 vicecomiti
1772 569 1913 611 Warr'
1947 572 2030 611 etc.
2064 571 2178 624 quod

447 637 608 679 habeat
641 639 721 678 etc.
755 637 872 690 apud
904 637 1134 678 Norhamt’
1159 636 1206 677 in
1238 636 1405 678 octabis
1439 636 1583 679 sancti
1615 636 1829 679 Iohannis
1861 638 2064 691 Baptiste
2095 641 2176 682 etc.

447 706 508 748 Et
531 706 645 759 quod
676 705 792 746 idem
814 705 1053 747 vicecomes
1086 706 1168 747 etc.
1193 719 1327 759 quare
1358 719 1447 747 non
1478 705 1635 747 habuit
1669 708 1749 747 etc.
1784 707 1901 760 apud
1928 708 2069 750 Hunt’
2095 710 2177 750 etc.

447 774 493 815 in
525 774 691 816 octabis
724 773 865 815 sancti
897 774 1100 816 Barnabe
1132 774 1318 828 apostoli
1350 774 1462 816 sicut
1494 777 1576 816 etc.
1638 775 1798 817 Postea
1830 775 1948 817 venit
1981 776 2177 818 Norman

450 844 648 898 Sampso’
672 844 789 898 apud
812 844 1042 885 Norhamt’
1068 846 1109 885 et
1132 843 1232 885 fecit
1254 843 1389 885 finem
1414 858 1490 897 per
1513 844 1623 885 duas
1644 858 1817 886 marcas
1839 858 1916 898 per
1947 845 2174 899 pleuinam

447 913 630 955 Heni-ici
661 914 713 955 de
745 914 963 955 Ludbroc'
997 915 1039 955 et
1071 912 1307 956 Eustachii
1329 914 1380 955 de
1402 914 1632 965 Watford’,
1658 914 1732 968 qui
1763 914 1929 957 habent
1962 916 2100 956 terras
2132 915 2178 956 in

448 982 662 1025 comitatu
684 982 932 1025 Norhamt’.

1033 1195 1039 1213 ¹
1060 1194 1224 1229 Adhuc
1251 1194 1307 1229 de
1331 1194 1594 1230 venacione.

536 1290 752 1344 2Quidam
790 1289 877 1332 feto
911 1288 1122 1330 inuentus
1160 1288 1243 1329 fuit
1285 1287 1331 1329 in
1372 1289 1500 1331 bosco
1538 1289 1590 1330 de
1623 1289 1883 1343 Brampton’
1918 1290 2178 1332 uulneratus

447 1362 639 1415 quadam
662 1359 838 1414 sagitta.
902 1358 1140 1412 Inquisicio
1170 1358 1298 1408 facta,
1324 1357 1398 1411 qui
1431 1358 1567 1399 nichil
1601 1358 1760 1400 sciunt.
1822 1359 1883 1400 Et
1906 1360 2008 1413 quia
2031 1361 2178 1402 villate

448 1431 500 1472 de
532 1430 792 1483 Brampton'
833 1428 985 1480 (alibi),
1016 1427 1241 1481 Elington’
1279 1427 1430 1478 (alibi),
1471 1427 1653 1470 Grafha'
1693 1427 1890 1479 (dimidia
1931 1434 2096 1479 marca)
2135 1432 2178 1472 et

446 1500 699 1542 Edelinton’
720 1500 735 1523 3
793 1498 992 1550 (dimidia
1052 1501 1218 1549 marca)
1275 1511 1365 1539 non
1419 1500 1635 1540 venerunt
1691 1498 1887 1551 plenarie
1904 1513 1914 1549 3
1984 1499 2080 1541 ideo
2132 1499 2178 1540 in

447 1569 760 1612 misericordia.

535 1639 847 1680 Presentatum
870 1639 935 1679 est
966 1650 1043 1691 per
1066 1635 1317 1678 forestarios
1340 1637 1382 1677 et
1404 1635 1635 1677 viridarios
1668 1637 1783 1691 quod
1816 1637 1995 1691 quidam
2019 1638 2176 1680 damus

447 1711 489 1751 et
526 1723 612 1750 vna
648 1707 841 1750 hanchia
877 1706 1129 1748 venacionis
1171 1709 1213 1748 et
1247 1705 1488 1759 leporarius
1523 1705 1697 1748 inuenti
1738 1707 1918 1749 fuerunt
1960 1707 2006 1748 in
2050 1708 2178 1750 domo

446 1777 650 1831 magistri
683 1776 867 1818 Henrici
907 1779 1012 1818 tunc
1050 1775 1232 1817 rectoris
1270 1775 1451 1816 scolarie
1486 1776 1749 1825 Huntidon’,
1774 1777 1847 1830 qui
1882 1777 2103 1818 Henricus
2135 1779 2178 1819 et

446 1848 665 1889 Robertus
709 1845 1003 1899 submagister
1046 1859 1152 1886 suus
1193 1859 1272 1899 pro
1315 1845 1587 1898 suspiccione
1620 1845 1733 1887 dicte
1775 1846 2026 1888 venacionis
2059 1847 2176 1900 capti

448 1918 627 1958 fuerunt
649 1918 691 1958 et
713 1915 887 1957 liberati
909 1915 1111 1969 Philippo
1126 1916 1139 1937 ⁴
1163 1915 1215 1956 de
1240 1914 1442 1956 Stanton'
1468 1916 1572 1956 tunc
1596 1915 1840 1957 vicecomiti
1862 1916 2003 1957 Hunt’
2024 1932 2033 1965 ;
2059 1918 2101 1957 et
2124 1917 2176 1957 (16

448 1985 763 2028 deliberacione
784 1985 921 2025 nichil
944 1985 998 2026 ad
1019 1998 1213 2039 presens.
1275 1984 1336 2025 Et
1359 1983 1608 2026 convictum
1627 1986 1691 2026 est
1713 1999 1789 2038 per
1811 1985 2041 2027 viridarios
2064 1986 2178 2039 quod

446 2057 669 2111 predictus
683 2055 900 2097 Robertus
919 2054 1000 2096 fuit
1019 2055 1197 2108 apertus
1214 2054 1468 2095 malefactor
1487 2053 1539 2094 de
1556 2053 1791 2096 venacione
1809 2068 1909 2095 cum
1923 2055 2149 2108 leporariis
2165 2071 2176 2105 3

451 2129 493 2168 et
517 2126 631 2180 quod
654 2126 907 2178 receptatus
931 2123 1014 2165 fuit
1038 2123 1083 2164 in
1107 2123 1236 2165 domo
1258 2122 1445 2176 predicti
1476 2122 1660 2164 Henrici
1692 2122 1766 2176 qui
1789 2123 1871 2164 fuit
1894 2124 2177 2166 consenciens

447 2195 692 2238 malefactis
717 2194 808 2236 suis
831 2194 883 2236 de
905 2193 1156 2235 venacione.
1218 2193 1279 2234 Et
1302 2192 1404 2246 quia
1427 2192 1571 2234 clerici
1595 2195 1698 2233 sunt
1721 2206 1800 2234 nec
1822 2193 1988 2235 habent
2010 2193 2174 2235 laicum

448 2266 624 2308 feodum
658 2279 735 2319 per
768 2264 883 2318 quod
911 2262 1116 2317 distringi
1149 2264 1350 2317 possunt,
1374 2265 1415 2304 et
1438 2263 1508 2303 ΒΡ
1534 2262 1646 2304 bone
1669 2262 1895 2313 memorie,
1925 2264 2031 2305 tunc
2054 2263 2178 2305 Linc’

450 2335 692 2389 episcopus.
728 2365 736 2374 .
773 2365 781 2374 .
819 2334 847 2374 ,⁶

536 2405 846 2445 Presentatum
885 2404 950 2443 est
982 2415 1058 2455 per
1088 2400 1341 2443 forestarios
1376 2401 1418 2441 et
1452 2399 1684 2442 viridarios
1717 2400 1831 2454 quod
1873 2401 2091 2444 Radulfus
2124 2402 2177 2444 de

448 2474 644 2515 Holecot’
670 2471 850 2513 clericus
872 2471 1086 2513 itinerans
1119 2484 1274 2512 uersus
1296 2470 1438 2511 Hunt’
1472 2484 1571 2511 cum
1594 2484 1680 2512 vno
1712 2470 1929 2524 garcione,
1954 2471 2028 2525 qui
2051 2472 2173 2514 duxit

447 2542 700 2596 lepor-arios.
762 2541 822 2582 Et
865 2541 1102 2582 euaserunt
1135 2539 1186 2580 de
1218 2539 1424 2580 manibus
1468 2539 1558 2580 suis
1591 2542 1633 2581 et
1664 2541 2003 2593 prostrauerunt
2035 2555 2172 2582 vnum

448 2613 640 2653 fetonem
663 2611 715 2652 de
729 2612 846 2651 etate
863 2609 992 2651 vnius
1007 2609 1126 2651 anni.
1181 2608 1304 2660 Quod
1327 2621 1426 2649 cum
1452 2609 1663 2649 Ricardus
1678 2609 1902 2663 Lenveyse
1918 2609 2176 2651 forestarius

447 2682 528 2723 hoc
551 2680 813 2735 percepisset
837 2693 936 2720 cum
960 2681 1073 2721 esset
1095 2691 1243 2732 prope,
1267 2678 1380 2731 cepit
1403 2678 1570 2719 dictum
1599 2678 1840 2720 Radulfum
1863 2681 1905 2721 et
1928 2679 2177 2733 garcionem

496 2834 502 2851 ¹
527 2832 605 2864 Roll
637 2833 666 2863 5.
713 2831 787 2862 Τ116
817 2830 912 2871 pleas
943 2839 987 2861 on
1020 2829 1091 2860 this
1122 2828 1185 2860 roll
1218 2839 1274 2860 are
1351 2829 1410 2860 the
1427 2829 1629 2868 inquisition
1648 2840 1690 2861 on
1708 2841 1740 2871 p.
1757 2831 1809 2868 74,
1827 2831 1855 2862 is
1872 2830 2046 2863 intended.

449 2877 570 2908 earlier
586 2877 621 2907 in
639 2876 716 2907 date
734 2875 818 2906 than
835 2874 933 2905 those
950 2884 993 2905 011
1018 2873 1096 2904 Roll
1114 2874 1142 2909 15,
1160 2873 1272 2904 which
1398 2875 1407 2891 ⁴
1434 2874 1495 2905 See
1512 2884 1543 2913 p.
1563 2876 1613 2909 17,
1631 2878 1710 2906 note
1727 2877 1756 2906 5.

449 2932 505 2952 are
522 2920 657 2960 printed
681 2930 724 2951 on
749 2929 804 2959 pp.
824 2920 941 2953 11-21,
958 2918 1017 2948 but
1042 2917 1101 2948 the
1126 2917 1222 2948 order
1247 2918 1275 2948 is
1395 2919 1406 2936 ⁵
1430 2917 1619 2957 According
1650 2921 1685 2949 to
1725 2918 1874 2950 Mathew
1912 2919 2019 2956 Paris,
2051 2920 2178 2951 Robcrt

450 2964 772 3000 reversed,because
791 2963 848 2994 the
860 2962 969 2993 scribe
981 2964 1082 2992 wrote
1099 2961 1157 2991 the
1175 2961 1275 2992 head-
1350 2961 1545 2992 Grossetcate
1577 2962 1655 2992 died
1680 2973 1723 2993 on
1749 2964 1768 2995 9
1794 2963 1938 2994 October
1971 2965 2066 2994 1253.
2115 2965 2177 2995 See

450 3010 508 3048 ing
535 3010 568 3040 of
601 3009 658 3039 the
683 3008 776 3047 pleas
802 3017 844 3037 on
869 3006 945 3037 Roll
975 3006 993 3037 6
1018 3005 1151 3036 instead
1177 3006 1211 3036 of
1235 3015 1278 3036 on
1350 3005 1524 3037 Chronica
1550 3006 1700 3043 ῙΙΙαὶονα,
1728 3007 1824 3038 110115
1850 3007 1971 3045 Series,
1999 3008 2064 3039 vol.
2089 3018 2119 3040 v.
2143 3018 2176 3047 p.

449 3053 525 3084 1:011
544 3055 574 3083 5.
884 3052 895 3068 '²
922 3050 982 3081 See
999 3059 1030 3089 p.
1049 3051 1101 3081 74.
1348 3050 1422 3081 407.

496 3100 506 3114 ·‘
531 3097 602 3127 The
621 3095 760 3130 reading
779 3094 806 3125 is
825 3094 997 3127 clear,but
1015 3092 1177 3133 probably
1195 3092 1275 3123 DiH-
1392 3096 1402 3109 h
1427 3092 1498 3123 The
1539 3096 1697 3125 sentence
1738 3093 1766 3126 is
1807 3095 2004 3127 unfinishcd
2043 3095 2078 3126 in
2117 3095 2176 3126 the

452 3142 581 3180 ington,
596 3140 706 3171 which
724 3140 751 3170 is
771 3139 827 3170 thr.-
847 3137 1016 3177 township
1032 3136 1228 3168 mentioned
1244 3137 1277 3167 111
1348 3136 1501 3176 original.
