2421 3529
230 1110 324 1129 coram
338 1110 411 1134 rege.

456 207 482 252 9
713 219 1019 253 SELEOTIONS
1054 220 1195 254 FROM
1231 220 1334 254 THE
1369 221 1560 255 FOREST
1596 221 1734 255 EYRE
1771 221 1930 255 ROLLS

457 330 597 383 Hope,
621 331 837 373 Radulfus
861 332 913 373 de
934 332 1010 381 Le,
1034 333 1160 374 Wido
1193 334 1244 374 de
1276 333 1487 383 Arundel,
1511 334 1708 387 Rogerus
1733 333 2038 387 Springehose,
2062 334 2188 376 Wido

460 400 512 441 de
534 400 691 450 Merse‚
725 401 942 442 Robertus
977 402 1028 442 de
1060 401 1324 455 Langeford,
1351 403 1566 443 Robertus
1599 402 1716 443 filius
1750 402 1949 451 Maddoc,
1973 402 2188 444 Reinerus

460 469 512 510 de
535 470 688 511 Acton’
714 472 755 511 et
778 470 991 511 Ricardus
1015 471 1067 511 de
1081 471 1259 527 Witon'.
1322 471 1382 511 Et
1406 471 1508 524 quia
1530 485 1618 512 non
1641 471 1893 513 habuerunt
1909 472 1922 495 ¹
1945 472 2190 525 predictum

460 540 715 581 venatorem
750 553 829 579 nec
862 539 1146 581 venacionem
1180 553 1260 580 nec
1303 554 1432 581 canes
1471 540 1545 593 qui
1579 540 1802 581 commissi
1839 541 2018 582 fuerunt
2051 541 2112 582 eis
2144 540 2191 581 in

463 608 674 657 custodia,
700 607 956 648 adiudicat.2

550 677 792 719 Custodes3
813 676 1010 730 predicti,
1035 678 1181 730 preter
1204 677 1447 719 Robertum
1471 678 1642 728 Corbet,
1667 680 1770 720 ante
1807 678 2019 720 iudicium
2056 678 2191 720 finem

462 747 660 788 fecerunt
692 760 768 800 per
801 746 1028 799 sexaginta
1059 760 1231 788 marcas
1254 750 1300 789 vt
1324 747 1460 801 quieti
1487 747 1601 789 sint⁴
1625 748 1677 789 de
1700 748 1899 790 custodia
1921 748 2009 790 illa.
2071 748 2193 790 Vice-

464 829 608 857 comes
630 815 764 856 habet
786 815 965 869 plegios.
1965 809 1972 815 “

552 884 770 926 Robertus
794 884 951 926 Corbet
975 884 1079 926 dicit
1112 885 1225 938 quod
1258 885 1463 927 dominus
1495 900 1569 927 rex
1602 886 1870 928 condonauit
1904 887 1943 928 ei
1975 887 2194 940 loquelam

464 953 600 1003 illam,
616 956 658 995 et
673 968 761 995 non
780 954 903 994 illum
920 954 1058 995 trahit
1082 955 1135 995 ad
1159 957 1421 996 warantum.
1465 956 1525 997 Et
1549 956 1650 1009 quia
1674 958 1738 997 est
1762 956 1868 997 baro
1892 956 2060 997 domini
2082 956 2195 1009 regis

466 1026 508 1064 et
540 1037 687 1076 regem
722 1023 860 1064 trahit
899 1024 954 1064 ad
987 1026 1247 1074 warantum,
1287 1025 1377 1067 dies
1411 1025 1540 1066 datus
1575 1027 1640 1067 est
1672 1025 1711 1067 ei
1749 1039 1895 1067 coram
1930 1039 2030 1078 rege
2065 1039 2090 1066 a
2127 1025 2196 1066 die

467 1092 674 1133 Mercurii
687 1094 701 1115 5
732 1092 931 1145 proxima
952 1095 1050 1146 post
1075 1093 1189 1134 diem
1213 1094 1379 1135 Pasche
1402 1094 1448 1135 in
1470 1109 1607 1136 vnum
1636 1108 1833 1136 mensem
1857 1095 1911 1136 ad
1943 1094 2197 1136 habendum

466 1161 526 1202 ibi
548 1161 790 1202 Robertum
812 1163 1067 1202 venatorem
1091 1176 1234 1203 suum.

554 1230 618 1271 De
641 1230 810 1283 Rogero
831 1230 920 1271 filio
943 1244 1022 1271 suo
1041 1231 1148 1272 dixit
1171 1231 1246 1285 qui
1269 1232 1397 1285 fugiit
1421 1246 1517 1273 cum
1537 1233 1679 1286 capite
1698 1233 1816 1274 cerui
1839 1235 1880 1274 et
1903 1248 2002 1274 cum
2026 1233 2198 1274 furchia

467 1300 581 1354 quod
616 1300 698 1341 fuit
732 1314 832 1341 cum
866 1300 1024 1342 comite
1057 1301 1195 1343 Cestr’
1221 1303 1262 1343 et
1285 1302 1473 1344 nesciuit
1506 1303 1577 1344 vbi
1610 1302 1708 1352 fuit,
1734 1305 1797 1343 set
1830 1302 1874 1343 id
1906 1303 2137 1344 mandaret
2160 1302 2199 1344 ei

467 1369 580 1424 quod
612 1369 760 1411 veniat
783 1369 835 1410 ad
866 1369 1034 1411 curiam
1062 1372 1104 1411 et
1140 1371 1177 1412 si
1210 1370 1302 1425 ipse
1331 1371 1433 1412 illuc
1456 1372 1604 1414 veniat
1639 1372 1685 1413 in
1719 1374 1947 1426 posterum
1982 1372 2128 1426 ipsum
2151 1371 2198 1412 in

466 1453 605 1481 manu
629 1438 769 1492 capiet
792 1439 983 1480 habendi
1005 1442 1137 1482 recto.

555 1508 771 1550 Ricardus
805 1508 856 1549 de
888 1509 1084 1559 Holton'‚
1108 1509 1328 1552 Wilkinus
1361 1511 1413 1553 de
1444 1511 1661 1565 Estlegh’,
1686 1511 1819 1553 Hulle
1843 1512 1894 1552 de
1917 1511 2127 1553 Hineton’
2154 1514 2197 1553 et

465 1578 598 1619 Hulle
620 1577 826 1619 Robucke
859 1579 1102 1620 seruientes
1134 1580 1369 1622 comitatus
1402 1581 1671 1622 inuenerunt
1703 1581 1749 1621 in
1782 1581 1910 1622 domo
1933 1580 2137 1634 Hugonis
2160 1581 2198 1622 le

470 1648 571 1691 scot
593 1646 892 1697 venacionem,
917 1648 958 1688 et
991 1647 1082 1701 ipse
1105 1649 1163 1689 H.
1189 1649 1317 1703 fugiit
1340 1650 1395 1691 ad
1428 1650 1669 1692 ecclesiam.
1731 1650 1792 1691 Et
1815 1665 1915 1691 cum
1938 1650 2135 1691 viridarii
2157 1653 2199 1691 et

468 1717 687 1758 forestarii
709 1716 810 1757 illuc
835 1717 1062 1758 uenissent
1093 1717 1482 1771 interrogauerunt
1516 1719 1567 1760 de
1589 1719 1682 1773 ipso
1705 1720 1762 1760 H.
1788 1720 1900 1761 vnde
1924 1720 1998 1760 illa
2021 1719 2200 1761 venacio

467 1785 602 1834 venit,
627 1787 668 1826 et
691 1785 782 1838 ipse
806 1786 847 1826 et
871 1785 1050 1838 quidam
1066 1787 1179 1827 alius
1202 1786 1397 1841 Rogerus
1414 1788 1465 1829 (16
1491 1788 1722 1829 Welinton'
1747 1789 1925 1830 nomine
1947 1788 2200 1842 recognouit

469 1855 583 1908 quod
606 1854 854 1895 occiderant
893 1868 1023 1895 vnam
1062 1855 1227 1896 hissam
1249 1856 1362 1897 vnde
1397 1856 1472 1899 illa
1509 1858 1689 1898 venacio
1714 1857 1823 1906 fuit3
1870 1858 2027 1911 etipse
2059 1859 2201 1899 noluit

470 1923 583 1965 exire
606 1923 659 1963 de
681 1923 861 1964 ecclesia
893 1922 981 1972 illa,
1009 1925 1073 1964 set
1105 1924 1165 1964 ibi
1187 1939 1359 1966 moram
1383 1925 1483 1967 fecit
1505 1940 1582 1979 per
1604 1941 1740 1967 vnum
1764 1941 1961 1968 mensem
1985 1930 2027 1968 et
2050 1929 2202 1980 postea

469 1992 611 2034 euasit
635 1992 680 2032 in
704 1992 844 2045 specie
877 1993 1089 2034 mulieris
1151 1993 1212 2035 Et
1245 1994 1459 2048 fugitiuus
1482 1998 1573 2045 est;
1609 1998 1650 2037 et
1673 1997 1869 2050 Rogerus
1892 1996 1943 2037 de
1965 1997 2200 2038 W⁷elinton’

471 2061 686 2102 similiter.
751 2061 1013 2115 Preceptum
1051 2064 1116 2103 est
1158 2065 1307 2105 autem
1351 2064 1466 2117 quod
1500 2065 1731 2118 exigantur
1766 2067 1809 2106 et
1849 2065 1937 2106 nisi
1969 2065 2204 2106 116116111116

471 2132 738 2183 vtlagentur.

560 2200 718 2242 Villate
755 2200 807 2242 de
835 2199 1089 2252 Welinton’,
1121 2201 1449 2253 Ardulueston’,
1478 2204 1699 2257 Laueleg’‚
1734 2204 1928 2258 Keteleg'
1959 2203 2005 2245 in
2034 2203 2203 2245 miseri-

472 2270 632 2319 cordia,
658 2269 760 2322 quia
781 2271 1057 2323 negauerunt
1081 2271 1194 2324 quod
1217 2272 1339 2325 prius
1362 2276 1677 2326 cognouerunt.

561 2339 823 2392 Preceptum
847 2341 912 2381 est
935 2339 1049 2393 quod
1073 2341 1319 2382 viuarium⁷
1342 2343 1393 2384 de
1419 2343 1626 2397 Stirlegh'
1644 2343 1844 2397 capiatur
1866 2342 1912 2384 in
1934 2356 2071 2384 manu
2092 2341 2206 2395 regis

473 2422 552 2462 pro
574 2422 703 2449 ceruo
725 2408 771 2448 in
795 2422 845 2450 eo
868 2409 1110 2451 submerso.

563 2477 883 2530 Inquirendum
906 2478 958 2520 de
981 2479 1098 2520 exitu
1119 2481 1339 2522 terrarum
1363 2481 1694 2524 forestariorum
1717 2482 1769 2524 de
1793 2481 2064 2535 Clauerlegh’
2088 2482 2130 2522 et
2153 2480 2205 2522 de

474 2546 623 2588 'Vrfeld
645 2548 878 2599 postquam
902 2548 1040 2589 amoti
1063 2548 1243 2591 fuerunt
1265 2564 1291 2591 a
1314 2551 1559 2593 forestaria.

564 2615 726 2655 Villata
748 2615 800 2655 (16
822 2615 1060 2670 Kenelegh'
1084 2617 1130 2658 in
1162 2618 1464 2662 misericordia
1502 2620 1603 2674 quia
1636 2622 1913 2674 negauerunt
1936 2620 2051 2675 quod
2082 2617 2204 2673 prius

478 2684 696 2725 dixerunt.
2065 2689 2070 2692 ·

568 2751 732 2793 Milites
755 2754 798 2793 et
819 2752 1021 2795 homines
1043 2759 1274 2798 manentes
1297 2756 1342 2798 in
1365 2758 1571 2800 Brewode
1593 2759 1639 2800 in
1665 2759 1873 2813 Salopsir’
1898 2759 2005 2801 dant
2029 2757 2206 2800 domino

480 2822 572 2875 regi
605 2824 781 2863 centum
814 2836 988 2865 marcas
1019 2826 1066 2865 vt
1097 2824 1182 2878 ipsi
1214 2828 1256 2868 et
1288 2826 1468 2869 heredes
1501 2842 1652 2870 eorum
1676 2829 1765 2871 sint
1792 2829 2102 2883 inperpetuum
2135 2827 2204 2868 de-

531 2982 538 2999 ¹
565 2980 636 3011 MS.
655 2979 820 3011 ‘habuit.'
1382 2987 1466 3018 sible
1499 2987 1551 3018 for
1581 2987 1636 3019 his
1662 2988 1789 3020 hunter
1815 2988 1883 3019 and
1915 2988 1970 3019 his
2002 2997 2063 3019 son
2089 2996 2127 3018 as
2151 2986 2207 3017 his

528 3025 540 3042 '²
565 3024 637 3054 The
666 3025 810 3063 original
845 3025 1007 3067 probably
1041 3027 1221 3059 contained
1255 3029 1312 3061 the
1382 3031 1585 3070 mainpasts.

485 3068 594 3099 words
612 3068 674 3099 ‘ad
691 3068 857 3099 iudicium
874 3070 880 3083 ²
900 3070 1032 3101 instead
1051 3072 1085 3101 01
1103 3071 1172 3102 this
1190 3073 1289 3103 word.
1427 3076 1438 3092 ⁴
1464 3076 1493 3104 M
1503 3075 1534 3105 S.
1554 3081 1559 3091 ⁸
1576 3077 1678 3106 sunt.’
1857 3077 1868 3093 ⁵
1893 3076 1935 3108 29
1951 3074 2047 3115 April
2066 3075 2160 3106 1209.

530 3115 540 3129 ³
566 3111 638 3142 The
663 3111 754 3143 elder
783 3112 906 3144 Robert
933 3113 1055 3145 Corbet
1081 3125 1147 3147 was
1172 3126 1309 3157 respon-
1425 3120 1435 3136 ⁶
1460 3119 1691 3150 ix1s.⁴uenit.'
1859 3122 1868 3137 ⁷
1894 3119 1966 3150 MS.
1985 3124 1991 3135 ‘
2007 3118 2193 3150 vii-arium!
