2421 3529
255 553 273 569 x
287 545 356 570 libre

254 1023 408 1052 respectum

253 2081 345 2099 coram
360 2080 421 2103 rege

485 268 577 313 130
739 277 1045 313 SELECTIONS
1081 276 1218 311 FROM
1256 276 1356 311 THE
1393 275 1582 310 Fonisss'r
1620 275 1756 309 mar.
1792 274 1952 308 ROLLs

482 390 707 444 leporariis
745 390 834 432 suis
869 392 911 431 et
942 391 1096 443 fugare
1138 391 1179 431 et
1221 403 1373 442 capere
1414 388 1581 442 lepores
1622 386 1669 428 in
1703 387 1868 435 eadem,
1903 387 2016 428 vnde
2057 388 2201 427 certus

482 474 693 501 numerus
724 473 812 500 non
855 461 997 513 potest
1039 457 1214 512 inquiri.
1276 458 1337 498 Et
1378 470 1467 498 non
1509 455 1629 498 venit
1671 469 1750 496 nec
1793 455 1875 496 fuit
1918 454 2199 496 attachiatus.

483 528 586 570 Ideo
608 528 660 570 de
681 542 730 569 eo
752 528 899 569 decem
921 527 1039 568 libre.

571 596 780 649 Magister
801 596 942 637 Adam
974 596 1012 637 le
1044 596 1296 648 Fraunceys
1329 593 1380 636 de
1415 593 1667 646 episcopatu
1690 593 1863 642 Dunel',
1886 594 2081 645 tempore
2116 605 2200 644 quo

484 665 566 706 fuit
589 663 766 706 scolaris
790 664 1082 716 Cantebrigg',
1106 664 1340 704 consuetus
1363 663 1445 704 fuit
1468 676 1567 702 cum
1591 661 1882 702 familiaribus
1909 663 1950 702 et
1972 660 2200 714 leporariis

483 733 574 775 suis
596 733 762 774 intrare
783 746 1032 774 warennam
1049 731 1289 785 predictam
1306 733 1347 772 et
1370 745 1469 771 cum
1487 730 1686 783 pluribus
1709 729 1805 770 aliis
1828 728 1993 770 clericis
2016 742 2201 782 quorum

482 802 663 844 nomina
694 801 968 855 ignorantur,
1004 803 1046 842 et
1079 801 1230 854 fugare
1263 802 1305 842 et
1337 814 1489 853 capere
1520 799 1688 853 lepores
1721 799 1767 839 in
1809 798 1961 840 eadem
1998 811 2202 838 warenna

482 871 595 913 vnde
627 872 770 912 certus
802 883 1013 910 numerus
1045 883 1134 910 non
1170 871 1314 922 potest
1345 867 1536 921 inquiri3
1572 870 1613 908 et
1647 881 1861 920 magnum
1895 867 2137 920 dampnum
2160 868 2203 907 et

483 938 829 981 destruccionem
852 938 952 979 fecit
975 938 1026 978 de
1048 937 1266 991 leporibus
1289 937 1335 978 in
1357 937 1523 978 eadem.
1586 937 1744 978 Postea
1765 936 1944 990 ponitur
1966 935 2012 977 in
2034 949 2201 989 respec-

483 1010 580 1050 tum
602 1021 735 1061 Vsque
758 1007 812 1048 ad
834 1007 1176 1060 parliamentum
1200 1020 1225 1047 a
1247 1006 1315 1047 die
1337 1006 1504 1047 Pasche
1526 1005 1572 1045 in
1595 1020 1731 1047 vnum
1753 1019 1964 1046 mensem.

569 1077 813 1119 Willelmus
865 1076 917 1116 de
971 1075 1116 1128 Shepy
1168 1075 1348 1116 clericus
1402 1075 1453 1116 de
1505 1074 1759 1128 episcopatu
1803 1074 1960 1128 Elyen’
2010 1078 2046 1125 (c
2091 1073 2203 1124 sol.),

481 1145 723 1188 Willelmus
776 1144 827 1185 de
878 1144 1192 1184 Bibbesworth'
1247 1143 1428 1184 clericus
1470 1143 1522 1184 de
1570 1143 1799 1197 epicopatu
1840 1142 1963 1184 Linc’
2013 1147 2049 1194 (c
2091 1142 2202 1192 sol.),

481 1215 690 1269 Magister
725 1215 915 1256 Thomas
953 1214 1005 1255 de
1040 1214 1297 1263 Middelton,
1330 1214 1663 1255 archidiaconus
1696 1214 1888 1267 Norwyc’
1931 1215 2203 1266 (respectus),

482 1285 612 1336 Hugo
645 1284 695 1325 de
727 1284 769 1325 la
806 1283 966 1331 Penne,
1000 1283 1180 1323 clericus
1216 1283 1267 1324 de
1300 1282 1552 1336 episcopatu
1584 1282 1707 1323 Linc'
1739 1282 1768 1333 (l
1791 1282 1902 1332 sol.),
1935 1282 2120 1323 Iacobus
2152 1281 2204 1322 de

480 1353 616 1394 Moun
650 1352 700 1393 de
742 1351 994 1405 episcopatu
1027 1351 1217 1392 Bathon’
1256 1355 1292 1401 (c
1326 1351 1436 1400 sol.),
1471 1351 1661 1392 Thomas
1694 1350 1810 1392 filius
1842 1351 1972 1393 Alani
2023 1350 2204 1392 clericus

482 1422 533 1462 de
575 1420 826 1474 episcopatu
867 1420 1074 1461 Dulmon'
1119 1420 1189 1460 uel
1231 1420 1282 1461 de
1325 1419 1703 1472 archiepiscopatu
1745 1419 1877 1460 Ebor'
1927 1424 1963 1469 (c
2006 1419 2117 1470 sol.),
2162 1421 2204 1460 et

481 1490 725 1531 Willelmus
748 1489 799 1529 de
821 1488 1147 1529 Dunfraunuile
1180 1489 1361 1530 clericus
1384 1488 1435 1530 de
1464 1488 1717 1541 episcopatu
1740 1488 2004 1530 Dulmonen'
2033 1492 2069 1539 (c
2093 1488 2204 1539 sol.),

482 1558 752 1611 temporibus
794 1557 951 1610 quibus
993 1558 1173 1598 fuerunt
1226 1558 1412 1598 scolares
1456 1557 1760 1598 vniuersitatis
1803 1557 2022 1607 Cantebr',
2061 1558 2206 1610 sepius

482 1627 759 1668 intrauerant
801 1640 1053 1667 warennam
1096 1626 1338 1679 predictam
1381 1640 1480 1666 cum
1522 1626 1749 1679 leporariis
1801 1626 1916 1676 suis;
1968 1628 2011 1667 et
2062 1626 2206 1679 sepius

482 1697 697 1737 miserunt
719 1695 920 1736 homines
944 1709 1044 1736 suos
1071 1695 1116 1735 in
1149 1695 1334 1736 eandem
1367 1709 1619 1736 warennam
1652 1709 1751 1735 cum
1784 1694 2010 1748 leporariis
2043 1694 2132 1735 suis
2165 1696 2207 1735 et

484 1765 749 1817 fugauerunt
771 1765 813 1805 et
836 1766 1045 1817 ceperunt
1078 1764 1224 1817 plures
1255 1764 1437 1817 lepores,
1472 1763 1652 1817 quilibet
1689 1777 1767 1816 pro
1800 1766 1926 1817 parte
1963 1777 2057 1813 sua,
2091 1763 2204 1804 vnde

482 1847 693 1874 numerus
715 1847 803 1874 non
826 1834 968 1886 potest
991 1832 1169 1886 inquiri.

570 1903 635 1943 De
658 1903 825 1944 Thoma
848 1902 899 1943 de
921 1902 1178 1943 Middelton’
1203 1902 1382 1955 ponitur
1405 1901 1450 1942 in
1474 1903 1720 1955 respectum
1739 1901 1844 1959 quia
1866 1904 1931 1943 est
1953 1902 2066 1944 vltra
2087 1915 2208 1944 mare

483 1972 528 2013 in
552 1972 735 2014 seruicio
759 1971 924 2013 domini
946 1972 1072 2024 regis.

570 2041 816 2083 Willelmus
859 2040 910 2082 de
942 2040 1191 2093 Brumpton
1229 2042 1271 2082 et
1302 2040 1548 2083 Willelmus
1586 2040 1637 2081 de
1677 2039 1853 2089 Saliam,
1889 2038 2132 2088 iusticiarii,
2166 2041 2209 2081 et

485 2110 723 2152 familiares
746 2123 896 2151 eorum
920 2123 995 2163 per
1023 2110 1243 2151 aduentus
1276 2124 1376 2151 suos
1409 2109 1526 2162 apud
1559 2109 1835 2162 Cantebrigg'
1870 2110 2065 2162 tempore
2096 2107 2210 2161 regis

486 2193 617 2229 nunc,
640 2179 851 2229 videlicet,
883 2182 985 2221 ante
1018 2193 1185 2220 annum
1217 2179 1340 2232 regni
1373 2179 1439 2220 sui
1472 2178 1791 2227 duodecimum,
1815 2177 2011 2220 consueti
2032 2178 2210 2219 fuerunt

486 2248 653 2289 intrare
674 2262 925 2289 warennam
948 2248 1190 2301 predictam
1213 2262 1312 2288 cum
1344 2248 1570 2302 leporariis
1603 2247 1693 2289 suis
1726 2248 1768 2288 et
1801 2247 1950 2300 fugare
1982 2248 2025 2289 et
2057 2260 2210 2300 capere

487 2317 654 2371 lepores
677 2316 770 2358 sine
791 2319 986 2358 waranto
1004 2332 1012 2365 ;
1048 2319 1113 2358 set
1135 2320 1239 2370 quot
1261 2330 1350 2357 non
1372 2319 1514 2370 potest
1537 2316 1713 2370 inquiri.

578 2385 798 2427 Iohannes
820 2385 1071 2426 Extraneus
1103 2385 1307 2426 dominus
1340 2385 1392 2426 de
1423 2385 1687 2434 Middilton’,
1721 2384 1928 2426 Warinus
1961 2384 2012 2426 de
2044 2384 2210 2433 Insula,

492 2454 696 2496 dominus
729 2453 781 2495 de
811 2453 1019 2495 Ramton’
1043 2455 1086 2495 et
1119 2453 1341 2507 templarii
1374 2454 1426 2495 de
1457 2454 1636 2507 Daneye
1668 2453 1862 2494 clamant
1893 2453 2054 2494 habere
2084 2453 2210 2493 liber-

492 2525 630 2564 tatem
652 2535 853 2563 warenne
876 2521 922 2562 in
943 2521 1072 2563 terris
1095 2522 1185 2563 suis
1207 2522 1322 2564 infra
1344 2536 1596 2563 warennam
1617 2521 1859 2575 predictam
1883 2520 2050 2562 domini
2070 2520 2183 2573 regis
2200 2535 2209 2568 ;

494 2594 536 2632 et
560 2591 705 2644 sepius
727 2604 826 2632 cum
848 2590 1074 2644 leporariis
1097 2590 1188 2632 suis
1210 2593 1418 2644 ceperunt
1441 2591 1587 2644 plures
1609 2591 1777 2644 lepores
1809 2590 1855 2630 in
1887 2589 2050 2631 eisdem
2084 2589 2211 2630 terris

496 2660 586 2701 suis
628 2673 705 2712 pro
747 2659 971 2700 voluntate
1009 2672 1102 2700 sua.
1176 2659 1236 2700 Et
1279 2660 1457 2701 fuerunt
1492 2659 1694 2712 magistri
1731 2658 1921 2713 predicte
1963 2658 2119 2699 domus
2161 2658 2213 2698 de

496 2728 687 2781 Daneye‚
711 2727 762 2768 de
791 2727 948 2781 quibus
979 2727 1182 2769 recolitur
1214 2728 1357 2777 modo,
1390 2742 1466 2781 per
1497 2727 1671 2781 aliquod
1703 2730 1877 2781 tempus
1908 2727 2129 2767 Iurdanus
2161 2726 2214 2767 de

497 2797 676 2846 Thame‚
700 2796 774 2850 qui
795 2796 937 2838 adhuc
969 2798 1034 2838 est
1066 2796 1111 2836 in
1144 2797 1295 2838 eadem
1328 2797 1469 2847 domo,
1504 2800 1546 2838 et
1578 2797 1820 2839 Willelmus
1843 2796 1895 2837 de
1923 2795 2118 2838 Skotowe
2140 2794 2214 2848 qui

497 2879 615 2906 nunc
637 2867 702 2906 est
723 2867 948 2918 preceptor
970 2864 1144 2906 ibidem.
1196 2865 1298 2906 Ideo
1319 2867 1573 2919 preceptum
1595 2867 1661 2907 est
1682 2864 1926 2906 vicecomiti
1947 2863 2061 2917 quod
2083 2862 2216 2905 faciat

499 2933 647 2975 venire
679 2933 896 2986 predictos
932 2932 1176 2974 Iohannem
1217 2935 1260 2974 et
1292 2934 1524 2976 Warinum
1565 2936 1609 2975 et
1649 2933 1787 2976 eciam
1828 2934 2126 2987 preceptorem
2160 2931 2215 2972 ad

499 3001 818 3044 ostendendum
847 3003 1091 3043 warantum
1115 3000 1151 3044 si
1173 3002 1286 3055 quod
1307 3001 1409 3044 inde
1439 3002 1645 3053 habeant,
1668 3002 1738 3044 uel
1769 3001 1824 3044 ad
1856 3000 2215 3044 satisfaciendum
