2421 3529
495 306 586 350 123
966 312 1152 348 SELEoT
1188 312 1378 348 FOREsT
1416 311 1762 354 [Noursrrroxs

1230 566 1344 607 XIV.
1373 565 1463 616 (b).l

586 692 906 746 INQUISICIO
950 692 1028 733 DE
1073 691 1333 733 BALLIUA
1373 689 1529 731 ELYE
1574 688 1653 730 DE
1691 688 2033 731 TYNGEWYK’
2078 689 2137 729 IN

948 760 1216 803 FORESTA
1247 759 1325 801 DE
1360 757 1773 802 WYTTLEWOD’.

592 903 830 959 Inquisicio
853 904 968 945 fac-ta
991 901 1107 956 apud
1129 901 1240 943 Buk'
1275 900 1370 942 die²
1402 899 1521 941 101116
1543 898 1739 953 proxima
1763 899 1865 940 ante
1889 898 2050 940 festum
2073 899 2221 939 sancte

504 974 751 1027 Margarete
774 986 889 1015 anno
912 971 1035 1026 regni
1056 970 1169 1025 regis
1191 969 1398 1012 Edwardi
1430 970 1549 1011 sexto
1571 982 1717 1011 coram
1739 968 1936 1022 Rogero³
1958 967 2009 1009 de
2032 966 2222 1016 Clifford,

504 1042 745 1085 iusticiario
769 1043 940 1092 foreste,
977 1056 1053 1095 per
1089 1040 1318 1082 viridarios
1348 1038 1574 1081 forestarie
1597 1038 1647 1080 de
1669 1037 1959 1092 Wyttlewod’,
1982 1037 2224 1079 Robertum

506 1112 724 1162 MaunceL
765 1111 1007 1154 Walterum
1031 1110 1082 1151 (16
1104 1109 1285 1159 Fortho,
1308 1109 1553 1150 lohannem
1576 1107 1791 1161 Gobyoun
1813 1108 1855 1148 et
1878 1106 2149 1150 Gilebertum
2173 1105 2224 1147 (16

506 1182 695 1223 Morton'
734 1182 776 1222 et
811 1179 967 1233 viginti
1004 1183 1045 1221 et
1080 1180 1268 1232 quatuor
1303 1179 1395 1219 tam
1433 1176 1595 1219 milites
1628 1190 1760 1231 quam
1788 1176 1895 1219 alios
1928 1176 1979 1218 de
2011 1174 2224 1218 comitatu

505 1250 616 1292 Buk’
640 1250 682 1291 et
705 1249 950 1299 Norhamtss
975 1247 1188 1297 videlicet,
2023 1278 2031 1286 .
2215 1276 2223 1285 .

504 1333 585 1373 que
608 1321 650 1361 et
672 1317 917 1360 cuiusmodi
954 1331 1022 1359 res
1053 1317 1109 1359 ad
1140 1316 1351 1359 balliuam
1382 1316 1492 1370 Elye
1524 1316 1576 1358 de
1609 1315 1869 1370 Tyngewyk’
1903 1315 1948 1356 in
1981 1316 2143 1357 foresta
2175 1314 2226 1355 de

504 1387 775 1443 Wyttlewod’
810 1386 1059 1441 pertineant
1092 1388 1134 1428 et
1167 1385 1353 1439 qualiter
1386 1387 1427 1427 et
1460 1385 1617 1439 quibus
1650 1384 1977 1427 condicionibus
2010 1383 2227 1426 forestarii

505 1472 601 1500 eam
623 1458 861 1499 tenuerunt
885 1459 1122 1510 antequam
1141 1455 1344 1498 dominus
1359 1469 1432 1496 rex
1446 1454 1666 1496 Henricus
1682 1454 1869 1496 dedisset
1887 1456 1929 1496 et
1944 1453 2226 1495 concessisset

505 1526 645 1568 eidem
666 1526 778 1579 Elye
799 1524 1009 1567 balliuam
1032 1525 1190 1566 foreste
1212 1524 1404 1578 predicte
1426 1526 1468 1566 et
1500 1523 1621 1578 parci
1653 1523 1704 1566 de
1735 1523 1935 1577 Hanleye
1967 1525 2009 1565 et
2042 1522 2227 1576 qualiter

504 1597 701 1651 prefatus
723 1595 859 1649 Elyas
883 1594 1067 1637 eandem
1089 1594 1299 1636 balliuam
1323 1593 1465 1635 tenuit
1487 1606 1512 1635 a
1535 1595 1730 1647 tempore
1745 1591 1997 1634 donacionis
2011 1591 2225 1646 predicte;

506 1666 580 1720 qui
614 1679 766 1707 omnes
792 1665 1008 1707 iuratores
1043 1664 1194 1706 dicunt
1228 1678 1304 1718 per
1340 1664 1667 1705 sacramentum
1702 1676 1831 1705 suum
1859 1662 1972 1716 quod
1994 1663 2152 1716 Hugo⁴¹
2176 1662 2228 1704 (16

508 1734 726 1777 Stratiord
769 1734 991 1788 quondam
1033 1733 1289 1776 forestarius
1333 1733 1384 1774 de
1427 1732 1549 1774 feodo
1592 1732 1644 1774 de
1686 1732 1848 1774 balliua
1891 1733 1943 1774 (16
1989 1732 2228 1775 Wakefeud

508 1803 697 1846 reddidit
740 1817 815 1857 per
858 1817 1026 1844 annum
1070 1802 1247 1844 domino
1290 1801 1512 1843 Iohanni5
1549 1801 1600 1843 de
1638 1801 1816 1856 Neuyle,
1854 1804 1960 1843 tunc
1993 1801 2230 1843 senescallo

507 1875 680 1924 foreste,
705 1886 783 1927 pro
805 1872 1002 1926 predicta
1023 1871 1188 1913 balliua
1211 1871 1264 1913 ad
1286 1871 1462 1913 firmam
1496 1871 1605 1912 duas
1637 1884 1808 1912 marcas
1840 1873 1883 1913 et
1915 1871 2143 1912 dimidiam
2176 1870 2230 1911 ad

507 1943 616 1984 duos
639 1942 745 1984 anni
766 1941 992 1991 terminos,
1015 1941 1229 1990 videlicet,
1253 1940 1307 1981 ad
1332 1940 1492 1981 festum
1515 1940 1657 1982 sancti
1678 1940 1905 1982 Michaelis
1927 1943 1969 1982 et
1992 1940 2046 1982 ad
2069 1941 2230 1982 festum

507 2010 846 2054 Anunciacionis
880 2011 1005 2053 beate
1039 2009 1179 2052 Marie
1216 2024 1292 2063 per
1326 2009 1500 2063 equales
1533 2009 1760 2063 porciones
1797 2012 1839 2051 et
1884 2010 1969 2052 duo
2012 2010 2233 2064 quarteria

507 2082 687 2123 nucium
724 2094 802 2135 pro
835 2080 1021 2121 nucibus
1055 2079 1101 2120 in
1135 2078 1354 2121 dominico
1387 2078 1553 2120 domini
1588 2079 1702 2131 regis
1735 2081 1776 2121 61
1809 2079 1993 2133 triginta
2025 2094 2157 2121 aucas
2190 2082 2232 2121 et

508 2151 693 2205 triginta
715 2149 902 2204 gallinas
924 2150 966 2191 et
1000 2149 1188 2190 ducenta
1211 2162 1321 2198 oua3
1357 2150 1399 2190 et
1430 2148 1543 2202 cepit
1575 2150 1769 2202 tempore
1803 2162 1880 2190 suo
1914 2149 1964 2190 de
1996 2149 2149 2191 villata
2181 2149 2233 2191 de

510 2219 850 2272 Deneshangere
873 2218 925 2259 de
949 2218 1142 2272 qualibet
1164 2217 1335 2271 virgata
1366 2220 1480 2259 terre
1511 2231 1647 2259 vnum
1680 2217 1951 2271 quarterium
1984 2232 2123 2260 auene
2154 2233 2232 2273 pro

512 2291 739 2332 claustura
760 2288 964 2330 habenda
987 2288 1042 2330 ad
1064 2287 1194 2329 blada
1228 2301 1321 2337 sua,
1356 2290 1398 2329 et
1430 2302 1508 2341 pro
1540 2289 1714 2329 mortuo
1746 2287 1874 2330 bosco
1906 2288 2146 2342 colligendo
2178 2290 2232 2331 ad

513 2362 658 2402 focum
682 2372 811 2400 suum
834 2357 879 2399 in
904 2356 1122 2399 dominico
1144 2357 1272 2399 bosco
1295 2357 1462 2399 domini
1483 2357 1596 2411 regis
1614 2372 1624 2407 3
1659 2360 1702 2399 et
1725 2357 1776 2398 (16
1802 2358 1954 2399 eadem
1987 2358 2089 2400 villa
2121 2359 2235 2413 cepit

515 2431 566 2472 de
589 2428 782 2483 qualibet
806 2428 934 2470 domo
956 2441 1089 2469 vnam
1113 2441 1269 2469 aucam
1293 2429 1334 2469 et
1357 2440 1490 2469 vnam
1513 2426 1723 2480 gallinam
1746 2441 1822 2481 per
1845 2442 2027 2478 annum,
2052 2430 2094 2470 et
2117 2429 2234 2470 dedit

516 2499 679 2541 eisdem
702 2497 954 2539 hominibus
985 2496 1198 2538 housbote
1221 2498 1263 2538 et
1285 2496 1471 2551 heybote
1495 2498 1536 2538 et
1559 2496 1828 2538 clausturam
1853 2497 1966 2538 circa
1995 2497 2124 2539 blada
2157 2511 2236 2540 sua

519 2568 630 2610 sicut
652 2566 895 2621 predictum
919 2568 983 2608 est
1006 2565 1057 2607 de
1081 2565 1298 2607 dominico
1319 2565 1528 2619 predicto.

608 2637 720 2678 Item
758 2635 872 2676 idem
895 2635 1025 2689 Hugo
1047 2635 1202 2676 habuit
1224 2636 1367 2676 totum
1391 2634 1621 2676 comodum
1645 2634 1697 2676 de
1719 2634 1905 2677 nucibus
1938 2635 1983 2676 in
2021 2635 2238 2677 dominico

519 2705 713 2760 predicto
736 2719 810 2759 per
833 2718 1015 2746 annum.

567 2815 574 2832 ¹
602 2811 826 2854 Inquisition.
849 2813 927 2852 post
949 2814 1099 2847 mortem,
1119 2812 1137 2842 6
1154 2811 1217 2842 Ed.
1237 2811 1257 2841 i.
1283 2813 1343 2843 No.
1414 2810 1536 2842 Rotulz‘
1551 2811 1833 2849 Humhedorum,
1851 2812 1871 2842 i.
1884 2812 1950 2853 31).
1997 2812 2043 2843 As
2058 2815 2091 2843 to
2108 2811 2166 2843 the
2181 2821 2236 2851 ap-

523 2860 575 2889 61.
1413 2855 1605 2895 pointlnent
1629 2856 1664 2886 of
1686 2856 1811 2887 Robert
1839 2856 2024 2887 Passelewe
2049 2866 2104 2887 see
2128 2866 2160 2896 p.
2186 2857 2237 2892 22,

570 2903 581 2920 ²
607 2902 646 2931 14
664 2899 745 2940 July
764 2900 859 2931 1278.
1414 2909 1447 2930 n.
1465 2900 1494 2935 2,
1513 2899 1628 2929 above.

571 2947 581 2963 ⁸
605 2945 714 2984 Roger
739 2944 773 2974 of
797 2942 937 2974 Clifford
954 2941 1012 2973 the
1029 2952 1178 2982 younger
1196 2952 1263 2973 was
1287 2952 1344 2982 ap-
1458 2944 1469 2960 ⁵
1493 2942 1586 2973 John
1603 2942 1643 2973 de
1661 2942 1792 2974 Neville
1810 2942 1879 2974 had
1897 2942 1955 2974 the
1973 2943 2115 2983 custody
2132 2944 2166 2974 of
2179 2942 2236 2974 the

527 2989 667 3029 pointed
683 2987 806 3028 justice
824 2987 858 3017 of
871 2986 929 3017 the
947 2987 1051 3017 forest
1068 2986 1170 3017 south
1189 2987 1223 3017 of
1241 2986 1346 3016 Trent
1417 2985 1520 3017 forest
1534 2986 1683 3017 between
1701 2986 1760 3017 the
1777 2986 1909 3025 bridges
1927 2987 1962 3018 of
1980 2987 2153 3018 Stamford
2171 2986 2239 3017 and

527 3034 570 3073 by
588 3033 703 3064 letters
720 3033 840 3071 patent
852 3029 952 3061 dated
969 3031 983 3060 1
997 3031 1128 3069 August
1144 3031 1237 3061 1270.
1287 3031 1348 3061 See
1419 3029 1547 3060 Oxford
1561 3031 1612 3060 for
1625 3030 1679 3060 his
1697 3030 1756 3060 life
1771 3031 1812 3070 by
1826 3030 1883 3061 the
1900 3032 1999 3070 grant
2012 3031 2047 3062 of
2063 3031 2116 3061 his
2128 3030 2240 3061 father

527 3078 611 3107 Fine
628 3075 705 3107 Roll
723 3076 774 3111 67,
792 3085 836 3105 m.
856 3075 885 3105 5.
1419 3073 1535 3112 Hugh,
1549 3073 1623 3104 who
1638 3074 1708 3105 also
1723 3074 1801 3104 held
1819 3074 1844 3104 it
1859 3075 1910 3105 for
1921 3074 1988 3105 life.
2035 3074 2127 3106 John
2139 3074 2239 3105 made

572 3121 582 3138 ⁴
606 3119 711 3158 Hugh
728 3119 762 3149 of
780 3117 949 3149 Stratiord
968 3117 1034 3148 and
1058 3117 1188 3148 Wibert
1206 3117 1239 3147 os
1256 3117 1347 3148 Tow-
1419 3117 1486 3147 fine
1503 3116 1585 3148 with
1603 3117 1660 3148 the
1678 3117 1760 3157 king
1777 3118 1828 3148 for
1846 3117 1973 3157 having
1995 3117 2053 3149 the
2071 3117 2238 3149 bailiwiek

527 3168 636 3195 cester
667 3164 733 3194 lost
765 3161 855 3193 their
881 3161 1066 3192 bailiwicks
1094 3160 1191 3191 when
1224 3161 1349 3191 Robert
1419 3161 1461 3200 by
1485 3160 1579 3192 three
1604 3161 1759 3192 hundred
1777 3161 1891 3192 marks
1916 3161 1951 3191 in
1976 3161 2034 3192 the
2059 3161 2180 3193 inonth
2205 3161 2239 3192 of

525 3208 712 3239 Passelewe
745 3216 813 3237 was
844 3206 967 3245 justice
997 3205 1030 3236 of
1062 3204 1118 3236 the
1145 3205 1248 3236 forest
1283 3205 1349 3244 (see
1420 3204 1499 3244 July
1518 3206 1612 3235 1234.
1662 3206 1722 3236 See
1739 3205 1823 3235 Fine
1841 3204 1917 3236 Boll
1936 3206 1987 3242 33,
2005 3215 2049 3235 m.
2069 3206 2097 3236 6.
