2421 3529
275 255 378 290 THE
415 255 659 301 CHARTER
696 255 758 289 OF
794 255 897 289 THE
933 255 1124 290 Founsr
1160 256 1222 291 oF
1260 258 1545 293 Numnam
1591 261 1677 296 1217
1749 253 1945 299 cxxxvii

297 369 359 405 12.
391 367 678 417 Unusquisque
698 367 797 405 liber
817 367 938 405 homo
958 367 1138 406 decetero
1159 369 1244 407 sine
1265 370 1471 408 occasione
1493 371 1612 409 faciat
1641 373 1682 410 in
1714 373 1832 414 bosco
1863 389 1946 421 suo,

215 429 279 467 uel
299 429 340 466 in
362 432 466 467 terra
495 442 567 467 sua
595 441 716 478 quam
750 427 896 466 habeat
925 428 967 466 in
998 429 1156 476 foresta,
1191 430 1482 476 molendinum,
1504 432 1718 480 uiuarium,
1741 440 1945 485 stagnum,

215 490 441 536 marharam,
462 490 671 535 fossatum,
693 489 758 528 uel
787 493 935 528 terram
955 490 1149 529 arabilem
1178 495 1290 530 extra
1311 495 1568 541 cooperatum
1590 493 1631 531 in
1661 498 1766 534 terra
1793 496 1946 543 arabili,

213 549 272 588 ita
293 551 399 600 quod
418 563 501 589 non
522 551 573 589 sit
594 551 643 588 ad
663 553 954 588 nocumentum
975 549 1144 589 alicuius
1165 550 1300 590 uicini.

295 612 355 649 13.
387 609 675 660 Unusquisque
703 610 804 648 liber
831 611 953 649 homo
982 611 1129 650 habeat
1158 613 1200 649 in
1228 612 1358 651 boscis
1393 611 1475 651 suis
1507 626 1643 652 aereas
1676 615 1884 665 anciptum
1910 620 1948 656 et

213 670 510 720 speruariorum
530 674 569 709 et
589 671 806 718 falconum,
827 671 1069 720 aquilarum,
1090 675 1129 710 et
1149 673 1196 710 de
1216 672 1408 723 heyrinis,
1430 676 1468 711 et
1488 674 1634 713 habeat
1664 676 1847 716 similiter
1867 679 1947 716 mel

212 732 318 781 quod
337 731 551 770 inuentum
572 731 692 770 fuerit
712 732 754 770 in
776 731 907 770 boscis
929 732 1024 771 suis.

292 794 353 830 14.
384 792 530 831 Nullus
550 792 784 831 forestarius
805 793 852 830 de
873 796 1014 838 cetero,
1037 793 1106 842 qui
1126 806 1207 831 non
1230 792 1281 832 sit
1302 793 1537 833 forestarius
1562 795 1609 834 de
1639 795 1758 835 feudo
1778 798 1948 836 reddens

210 852 325 891 nobis
345 853 506 891 firmam
525 866 596 902 pro
624 852 775 891 balliua
805 865 890 899 sua,
911 853 1042 902 capiat
1073 854 1365 904 chiminagium
1397 855 1558 904 aliquod
1587 857 1629 894 in
1663 857 1813 896 balliua
1845 871 1944 904 sua;

210 912 444 952 forestarius
479 916 615 952 autem
647 914 695 952 de
729 913 849 951 feudo
879 913 1040 953 firmam
1075 915 1191 953 nobis
1222 915 1391 954 reddens
1422 929 1493 965 pro
1525 916 1677 955 balliua
1709 931 1781 956 sua
1814 919 1947 968 capiat

209 973 515 1023 cffiminagium,
531 974 729 1016 uidelicet,
751 987 822 1023 pro
843 978 977 1013 careta
996 988 1065 1024 per
1085 975 1296 1013 dimidium
1318 989 1471 1014 annum
1489 978 1588 1015 duos
1608 979 1804 1025 denarios,
1820 983 1858 1017 et
1879 993 1948 1028 per

208 1035 333 1073 alium
353 1036 566 1073 dimidium
587 1048 741 1073 annum
761 1036 861 1073 duos
881 1036 1077 1083 denarios,
1099 1040 1138 1075 et
1158 1050 1228 1085 pro
1249 1050 1351 1086 equo
1372 1039 1439 1086 qui
1469 1042 1604 1086 portat
1625 1040 1853 1088 suinagium
1875 1054 1946 1090 per

208 1096 420 1135 dimidium
441 1110 595 1135 annum
616 1110 742 1135 unum
765 1096 940 1142 obolum,
963 1100 1001 1135 et
1032 1110 1102 1146 per
1132 1098 1257 1136 alium
1289 1097 1500 1136 dimidium
1535 1113 1688 1138 annum
1709 1101 1885 1146 obolum,
1908 1106 1946 1141 et

208 1170 289 1196 non
309 1158 387 1196 nisi
408 1158 455 1196 de
475 1158 556 1196 illis
585 1158 652 1207 qui
686 1158 733 1196 de
768 1161 881 1196 extra
914 1157 1109 1196 balliuam
1131 1170 1259 1205 suam,
1282 1162 1478 1209 tanquam
1499 1164 1752 1208 mercatores,
1774 1163 1945 1201 ueniunt

207 1230 276 1267 per
304 1218 514 1257 licenciam
534 1231 648 1256 suam
678 1218 720 1255 in
750 1217 946 1256 balliuam
977 1231 1092 1256 suam
1127 1220 1176 1257 ad
1210 1219 1387 1265 buscam,
1415 1234 1649 1269 meremum,
1672 1223 1859 1261 corticem
1880 1223 1944 1261 uel

206 1278 421 1317 carbonem
441 1279 670 1324 emendum,
692 1282 730 1316 et
751 1279 851 1316 alias
873 1278 1101 1317 ducendum
1123 1281 1171 1318 ad
1201 1281 1459 1319 uendendum
1481 1282 1548 1320 ubi
1580 1283 1804 1329 uoluerint3
1836 1286 1874 1322 et
1895 1286 1943 1322 de

207 1339 320 1377 nulla
336 1340 416 1377 alia
432 1343 565 1378 careta
581 1339 646 1377 uel
667 1340 850 1388 sumagio
870 1340 1032 1388 aliquod
1053 1341 1347 1390 chiminagium
1369 1342 1550 1392 capiatur
1569 1357 1576 1389 ;
1609 1346 1647 1382 et
1663 1357 1744 1381 non
1761 1345 1943 1394 capiatur

205 1401 498 1450 chiminagium
519 1400 597 1439 nisi
617 1401 659 1438 in
690 1401 786 1438 locis
820 1400 901 1438 illis
935 1401 1002 1438 ubi
1037 1401 1261 1451 antiquitus
1293 1403 1381 1452 capi
1416 1403 1568 1442 solebat
1600 1408 1638 1442 et
1669 1405 1818 1443 debuit.
1875 1406 1940 1443 Illi

205 1465 341 1499 autem
362 1462 430 1511 qui
460 1465 623 1511 portant
654 1474 771 1510 super
800 1462 963 1499 dorsum
985 1475 1103 1499 suum
1132 1462 1308 1507 buscam,
1331 1464 1528 1509 corticem,
1551 1466 1615 1503 uel
1644 1466 1870 1513 carbonem,
1891 1468 1941 1505 ad

205 1523 475 1568 uendendum,
511 1523 698 1572 quamuis
729 1523 821 1561 inde
860 1523 1016 1569 uiuant,
1051 1524 1210 1562 nullum
1244 1525 1291 1562 de
1328 1528 1459 1564 cetero
1498 1526 1593 1564 dent
1632 1527 1939 1577 chiminagium.

206 1583 266 1621 De
304 1583 434 1622 boscis
473 1588 609 1622 autem
648 1584 820 1621 aliorum
852 1583 1011 1621 nullum
1046 1584 1162 1622 detur
1199 1584 1494 1635 chiminagium
1525 1587 1740 1626 foristariis
1776 1589 1939 1634 nostris,

204 1647 458 1693 preterquam
479 1645 526 1682 de
547 1643 757 1682 dominicis
777 1643 906 1682 boscis
926 1644 1088 1682 nostris.

288 1707 348 1743 15.
380 1706 530 1744 Omnes
552 1705 723 1754 utlagati
742 1718 813 1755 pro
834 1705 982 1744 foresta
1003 1708 1163 1744 tantum
1179 1720 1203 1745 a
1222 1710 1399 1756 tempore
1419 1708 1524 1757 regis
1538 1709 1705 1747 Henrici
1726 1709 1791 1747 aui
1811 1710 1939 1748 nostri

204 1779 330 1816 usque
362 1767 412 1804 ad
446 1766 618 1816 primam
653 1769 960 1805 coronacionem
990 1770 1172 1805 nostram
1203 1767 1370 1806 ueniant
1399 1768 1449 1806 ad
1482 1781 1620 1818 pacem
1641 1772 1821 1808 nostram
1852 1770 1938 1808 sine

203 1826 477 1876 inpedimento
504 1830 543 1865 et
564 1827 697 1865 saluos
717 1827 868 1877 plegios
885 1827 1097 1866 inueniant
1113 1829 1218 1878 quod
1238 1829 1286 1867 de
1306 1831 1436 1868 cetero
1457 1843 1537 1868 non
1558 1830 1803 1870 forisfaciant
1824 1830 1938 1869 nobis

203 1889 251 1927 de
271 1889 419 1927 foresta
438 1892 587 1927 nostra.

285 1951 346 1988 16.
376 1949 521 1987 Nullus
542 1949 785 1987 castellanus
805 1949 870 1987 uel
890 1949 994 1988 alius
1014 1953 1150 1988 teneat
1180 1950 1328 2000 placita
1359 1952 1407 1989 de
1441 1951 1588 1990 foresta
1621 1952 1706 1990 siue
1740 1952 1786 1990 de
1818 1952 1936 1990 uiridi

202 2010 287 2049 siue
317 2010 364 2048 de
394 2010 626 2054 uenacione,
663 2010 732 2047 sed
770 2010 937 2059 quilibet
975 2011 1207 2049 forestarius
1247 2012 1293 2049 de
1328 2012 1445 2050 feudo
1477 2012 1670 2051 attachiet
1703 2013 1851 2062 placita
1888 2014 1936 2051 de

203 2071 353 2109 foresta
397 2074 482 2109 tam
520 2070 568 2108 de
615 2070 734 2108 uiridi
781 2083 902 2120 quam
950 2072 996 2110 de
1044 2072 1275 2118 uenacione,
1314 2076 1352 2110 et
1399 2086 1443 2111 ea
1491 2076 1692 2122 presentet
1738 2073 1937 2111 uiridariis

202 2131 501 2180 prouinciarum
521 2145 528 2177 ;
559 2134 610 2176 et,
631 2144 724 2170 cum
744 2131 957 2170 irrotulata
977 2132 1127 2170 fuerint
1148 2136 1187 2171 et
1207 2132 1281 2171 sub
1302 2133 1444 2182 sigillis
1466 2134 1748 2172 uiridariorum
1768 2134 1935 2179 inclusa,

202 2194 481 2241 presententur
517 2192 680 2242 capitali
717 2192 924 2231 forestario
955 2206 1047 2232 cum
1080 2193 1123 2231 in
1156 2197 1290 2243 partes
1324 2193 1413 2232 illas
1449 2195 1604 2233 uenerit
1635 2195 1685 2233 ad
1716 2195 1935 2233 tenendum

202 2253 349 2302 placita
369 2253 513 2291 foreste
534 2256 572 2291 et
593 2266 728 2292 coram
749 2266 793 2292 eo
815 2253 1096 2292 terminentur.

283 2317 344 2354 17.
375 2315 461 2352 Has
504 2317 641 2353 autem
688 2314 894 2352 libertates
942 2315 989 2352 de
1035 2314 1193 2353 forestis
1242 2315 1514 2354 concessimus
1559 2316 1758 2363 omnibus,
1798 2316 1933 2361 saluis,

201 2374 518 2424 archiepiscopis,
535 2375 740 2425 episcopis,
762 2375 986 2421 abbatibus,
1007 2375 1218 2425 prioribus,
1233 2376 1458 2422 comitibus,
1487 2377 1716 2424 baronibus,
1737 2378 1934 2416 militibus

199 2440 238 2474 et
259 2435 349 2474 aliis
369 2439 453 2474 tam
482 2435 660 2484 personis
694 2435 969 2474 ecclesiasticis
1003 2449 1124 2485 quam
1145 2437 1403 2483 secularibus,
1426 2438 1663 2487 Templariis
1685 2442 1723 2476 et
1744 2438 1931 2487 Hospita-

199 2496 320 2542 lariis,
342 2495 595 2534 libertatibus
617 2499 655 2533 et
675 2495 810 2533 liberis
831 2496 1191 2535 consuetudinibus
1211 2497 1252 2534 in
1274 2497 1432 2535 forestis
1453 2501 1491 2536 et
1512 2502 1635 2543 extra,
1657 2498 1698 2536 in
1719 2499 1931 2537 warenniis

199 2560 238 2595 et
258 2557 359 2602 aliis,
380 2569 480 2606 quas
500 2556 609 2606 prius
629 2556 869 2595 habuerunt.
927 2557 1078 2595 Omnes
1106 2560 1242 2596 autem
1262 2558 1362 2596 istas
1393 2559 1703 2597 consuetudines
1735 2560 1931 2608 predictas

198 2620 237 2656 et
256 2617 476 2662 libertates,
499 2630 596 2666 quas
619 2617 891 2656 concessimus
918 2618 960 2655 in
994 2631 1117 2667 regno
1150 2622 1287 2656 nostro
1319 2620 1512 2658 tenendas
1546 2623 1743 2669 quantum
1777 2620 1827 2658 ad
1857 2633 1930 2658 nos

198 2679 372 2729 pertinet
392 2691 485 2728 erga
503 2681 675 2725 nostros,
697 2691 835 2717 omnes
857 2679 904 2717 de
924 2692 1047 2728 regno
1067 2683 1206 2718 nostro
1220 2684 1303 2718 tam
1319 2680 1451 2718 clerici
1472 2693 1592 2730 quam
1606 2681 1698 2719 laici
1718 2681 1930 2719 obseruent

199 2742 398 2788 quantum
417 2739 468 2777 ad
487 2750 528 2776 se
548 2737 722 2787 pertinet
748 2751 842 2787 erga
874 2751 980 2777 suos.
1039 2739 1141 2786 Quia
1175 2752 1269 2778 uero
1300 2740 1479 2790 sigillum
1499 2738 1680 2779 nondum
1700 2741 1928 2788 habuimus,

198 2802 423 2850 presentem
457 2801 610 2838 cartam
641 2799 782 2848 sigillis
814 2799 1055 2838 uenerabilis
1089 2800 1213 2849 patris
1252 2801 1379 2839 nostri
1410 2801 1563 2839 domini
1593 2801 1790 2840 Gualonis
1820 2802 1929 2839 tituli

200 2860 340 2899 Sancti
378 2859 545 2897 Martini
582 2859 792 2909 presbiteri
830 2860 1056 2906 cardinalis,
1096 2861 1313 2910 apostolice
1350 2861 1452 2899 sedis
1491 2862 1624 2911 legati,
1664 2865 1702 2900 et
1736 2862 1927 2900 Willelmi

199 2920 425 2958 Marescalli
444 2920 602 2959 comitis
622 2919 818 2966 Penbrok,
839 2921 1003 2959 rectoris
1022 2921 1150 2960 nostri
1180 2925 1219 2959 et
1245 2922 1358 2971 regni
1390 2922 1528 2968 nostri,
1550 2923 1715 2960 fecimus
1746 2922 1926 2971 sigillari.

198 2981 383 3019 'Pestibus
403 2981 693 3030 prenominatis
714 2984 752 3019 et
772 2981 861 3019 aliis
883 2981 1035 3020 multis.
1091 2982 1198 3020 Data
1217 2995 1287 3031 per
1306 2995 1450 3020 manus
1476 2983 1744 3032 predictorum
1773 2983 1926 3020 domini

196 3042 319 3091 legati
349 3045 388 3080 et
419 3041 611 3080 Willelmi
642 3041 869 3080 Marescalli
907 3043 1013 3091 apud
1049 3043 1245 3082 Sanctum
1276 3044 1449 3082 Paulum
1470 3044 1690 3090 Londonie,
1718 3048 1829 3081 sexto
1862 3043 1924 3081 die

199 3101 446 3150 Novembris,
468 3115 574 3141 anno
594 3102 707 3151 regni
727 3103 854 3140 nostri
875 3103 1062 3141 seeundo.
