2421 3529
225 484 341 507 maneat

226 517 308 540 extra

224 549 368 574 forestam

229 824 337 848 miser-i·

229 857 333 882 cordia.

228 965 338 989 iniseri-

226 999 333 1023 cordia.

224 1098 330 1123 miseri-

227 1140 269 1156 co}
277 1133 322 1156 dia
329 1151 334 1157 .

226 2434 355 2450 111111211111

226 2774 255 2797 in
272 2782 356 2799 manu

258 2815 274 2823 ,Γ
288 2816 297 2821 ,η

457 203 485 248 4
713 216 1019 253 SELECTIONS
1054 219 1193 254 FROM
1229 220 1333 254 THE
1368 221 1562 256 FOREST
1595 223 1732 257 EYRE
1768 224 1929 259 ROLLS

458 341 558 368 eum
582 327 730 370 dicens
752 330 867 384 quod
890 345 1020 374 canes
1044 332 1110 374 sui
1133 332 1364 376 iacuerunt
1386 334 1432 375 in
1456 334 1584 377 domo
1606 335 1699 377 eius
1720 350 1797 390 per
1819 337 2069 391 quindecim
2093 339 2185 381 dies

458 397 564 438 dum
588 399 824 442 currebant
846 401 901 442 ad
925 402 1093 444 damos.

548 468 777 510 Predictus
797 470 995 523 Rogerus
1018 471 1157 513 Tooke
1175 471 1298 513 uenit
1322 485 1470 514 coram
1488 472 1743 515 iustioiariis
1757 476 1799 516 et
1814 477 1957 517 totum
1976 477 2186 519 defendit.

459 537 520 578 Et
542 536 738 579 viridarii
759 540 801 580 et
835 539 1052 582 forestarii
1083 542 1305 582 testantur
1337 542 1451 594 quod
1483 556 1611 584 aures
1645 544 1688 584 et
1719 546 1971 587 ossamenta
2003 545 2188 588 inuenta

461 607 507 647 in
530 606 658 648 domo
681 621 759 649 sua
782 608 961 649 fuerunt
984 609 1036 650 de
1050 609 1200 651 bestiis
1223 623 1330 663 quos
1345 613 1575 653 venatores
1589 612 1656 655 W.
1677 612 1728 653 de
1742 613 1940 655 Preston’
1960 618 2185 669 ceperunt.

461 676 521 716 Et
544 675 751 728 quoniam
773 677 889 719 idem
912 678 1109 732 Rogerus
1132 678 1207 720 diu
1228 679 1365 720 iaeuit
1386 679 1433 720 in
1455 680 1636 733 prisona
1657 680 1720 723 ita
1743 683 1856 736 quod
1880 683 1969 725 fere
1986 686 2187 726 mortuus

463 746 542 795 est,
566 745 868 788 adiudicatum
891 749 955 788 est
979 748 1094 801 quod
1116 750 1188 790 eat
1212 748 1387 801 quietus
1401 764 1411 799 3
1447 751 1489 791 et
1511 752 1691 792 maneat
1714 754 1836 793 extra
1859 752 2083 794 forestam.

549 815 795 858 Willelmus
836 816 953 858 filius
996 817 1171 859 Radulfi
1207 818 1257 860 de
1295 819 1488 862 Weston’
1528 818 1574 860 in
1612 819 1914 863 misericordia
1955 835 2035 875 pro
2077 822 2188 865 falsa

461 884 808 938 presentacione.

550 954 766 996 Robertus
790 955 841 996 de
864 956 977 998 Hale
1001 960 1042 998 et
1064 957 1310 999 Willelmus
1333 957 1383 999 de
1410 957 1564 1001 Suwie'
1587 958 1785 1001 viridarii
1818 959 1864 1001 in
1886 960 2189 1003 misericordia

462 1022 564 1077 quia
585 1037 673 1064 non
696 1023 947 1066 habuerunt
969 1028 1220 1067 ossamenta
1243 1026 1304 1068 eis
1327 1027 1574 1070 commissa.

571 1092 766 1134 {icardus
786 1093 960 1147 Engan’
984 1095 1107 1148 ponit
1130 1109 1174 1136 se
1195 1095 1241 1135 in
1264 1095 1562 1138 misericordia
1585 1099 1687 1138 ante
1719 1097 1930 1140 iudicium
1962 1113 2041 1153 pro
2073 1099 2188 1141 [licto

461 1175 554 1203 suo.

549 1231 763 1288 Rieardus
795 1231 911 1274 filius
942 1232 1149 1275 Willelmi
1182 1233 1234 1276 de
1271 1234 1481 1275 Baseuill’
1515 1235 1566 1276 de
1609 1236 1776 1279 Ketene
1818 1239 1973 1291 eaptus
2016 1237 2099 1279 fuit
2142 1238 2187 1278 in

461 1315 592 1354 pareo
625 1301 677 1342 de
713 1302 847 1352 Cliue,
876 1303 1019 1343 ferens
1056 1317 1190 1344 vnam
1226 1305 1371 1345 eutem
1407 1304 1525 1345 dami
1556 1307 1792 1356 recentem,
1820 1320 1895 1359 per
1922 1307 2188 1349 Gaufridum

459 1370 684 1411 hominem
707 1371 865 1424 Rogeri
887 1372 1064 1421 Blundi,
1089 1373 1159 1413 0111
1182 1373 1401 1426 cognouit,
1425 1377 1473 1414 ut
1506 1374 1621 1415 idem
1656 1375 1708 1417 G.
1732 1375 1852 1426 dicit,
1878 1377 1992 1429 quod
2019 1377 2187 1418 corium

459 1440 567 1482 illud
608 1440 810 1490 inuenit;
857 1443 899 1483 et
934 1442 1093 1483 duetus
1127 1442 1210 1483 fuit
1243 1443 1359 1496 apud
1393 1443 1636 1497 Rokingeh'
1674 1447 1716 1486 et
1750 1445 2064 1498 inprisonatus.
2127 1446 2189 1488 Et

459 1510 575 1551 idem
617 1510 831 1552 Ricardus
867 1511 989 1552 uenit
1024 1525 1171 1553 eoram
1208 1511 1463 1554 iusticiariis
1506 1516 1548 1555 et
1586 1514 1691 1556 dicit
1729 1515 1843 1568 quod
1879 1515 2046 1557 corium
2080 1515 2188 1557 illud

459 1579 565 1620 emit
607 1580 723 1633 apud
766 1580 1069 1622 Kenebauton’
1114 1581 1165 1622 de
1208 1582 1398 1635 quodam
1445 1583 1648 1636 garoione
1690 1582 1864 1637 ignot03
1909 1587 1952 1626 et
1993 1585 2189 1627 mittitur

459 1650 575 1702 apud
598 1650 839 1703 Rokingeh'
863 1650 908 1691 in
932 1651 1109 1704 prisona
1132 1652 1186 1693 ad
1208 1652 1522 1705 inquirendum
1546 1653 1600 1695 ad
1622 1654 1783 1707 placita
1807 1655 1857 1696 de
1880 1656 2093 1697 Roteland
2120 1656 2188 1697 die

458 1719 612 1761 Lunel
637 1719 834 1774 proxima
858 1723 960 1762 ante
982 1720 1174 1762 mediam
1198 1722 1580 1775 quadragesimam
1614 1724 1731 1777 apud
1765 1724 1966 1766 Okhani’.
2030 1726 2189 1767 Postea

458 1788 605 1830 finiuit
650 1803 726 1842 per
763 1789 919 1843 viginti
969 1790 1128 1832 solidos
1174 1794 1222 1832 ut
1260 1792 1434 1845 quietus
1478 1792 1534 1833 sit
1578 1792 1748 1848 [quin]2
1784 1792 2067 1849 inquisi[tum
2111 1794 2188 1850 sit]

459 1859 572 1912 quod
595 1859 701 1900 illud
725 1859 892 1900 corium
915 1860 1022 1902 emit
1045 1860 1161 1914 apud
1196 1862 1502 1911 Kenebalton’,
1538 1862 1752 1905 Mauricio
1788 1863 1839 1904 de
1867 1864 2020 1904 Andel'
2045 1864 2187 1918 plegio

460 1928 757 1970 denariorum.

548 1998 736 2050 Quidam
760 2012 917 2040 ceruus
939 1999 1150 2041 inuentus
1175 2000 1258 2042 fuit
1281 2003 1483 2043 mortuus
1505 2001 1551 2042 in
1574 2001 1695 2043 curia
1717 2001 1925 2045 Willelmi
1948 2003 1999 2044 de
2032 2003 2188 2045 Trum-

458 2067 628 2120 pinton’
668 2069 939 2118 uulneratus,
974 2084 1102 2123 quem
1135 2070 1416 2111 Baldewinus
1458 2070 1707 2125 prepositus
1749 2071 1943 2113 eiusdem
1980 2072 2188 2114 Willelmi

460 2137 698 2179 custodiuit
732 2137 841 2193 [in]²'
869 2138 1049 2191 Asseby.
1112 2140 1172 2180 Et
1205 2139 1362 2181 habuit
1389 2154 1519 2181 vnam
1550 2140 1797 2194 pertioham
1831 2142 2018 2182 fractam
2051 2155 2188 2195 usque

458 2207 513 2248 ad
536 2208 777 2248 cerebrum.
838 2207 899 2248 Et
922 2210 1110 2261 quatuor
1134 2209 1283 2250 villate
1313 2209 1647 2263 propinquiores
1671 2211 1955 2261 summonite‚
1979 2211 2187 2264 requisite

457 2276 593 2317 11101111
635 2275 780 2318 sciunt
823 2277 964 2318 dicere
1002 2277 1054 2318 de
1092 2277 1270 2334 [facto]2
1306 2278 1394 2320 illo.
1455 2278 1517 2319 Et.
1555 2279 1656 2332 quia
1694 2279 1893 2332 pertieha
1929 2280 2069 2322 fracta
2105 2280 2187 2322 fuit

459 2359 595 2398 usque
628 2347 683 2387 ad
718 2346 958 2395 cerebrum,
994 2347 1186 2388 ereditur
1219 2348 1333 2401 quod
1365 2362 1441 2401 per
1473 2348 1742 2390 Willelmum
1776 2349 1917 2402 magis
1949 2363 2082 2402 quam
2112 2363 2187 2403 per

459 2415 566 2457 alios
593 2415 850 2458 interfectus
873 2418 996 2465 erat;
1031 2419 1072 2457 et
1105 2416 1201 2457 ideo
1235 2416 1404 2472 [seisita
1437 2425 1502 2459 est
1526 2417 1647 2473 villa]
1659 2418 1729 2459 ta'2
1751 2417 1796 2458 in
1829 2432 1966 2459 manu
1998 2418 2112 2472 regis
2144 2420 2188 2459 et

458 2484 723 2538 inquiratur.

548 2555 699 2608 Capud
722 2553 951 2596 cuiusdam
974 2554 1092 2595 eerui
1115 2569 1264 2596 reeens
1298 2555 1532 2598 inuentum
1565 2556 1649 2597 fuit
1681 2556 1727 2597 in
1762 2556 1888 2598 bosco
1920 2557 2102 2598 Henriei
2135 2557 2187 2598 de

458 2624 615 2664 Alneto
638 2623 755 2676 apud
779 2623 1035 2664 Maideford’
1059 2638 1136 2676 per
1162 2625 1416 2666 forestarios
1439 2625 1566 2678 regis.
1628 2625 1690 2666 Et
1723 2626 1979 2667 forestarius
2002 2626 2187 2679 predicti

459 2692 641 2733 Henriei
662 2694 862 2733 mortuus
886 2695 964 2733 est.
1027 2693 1087 2734 Et
1111 2693 1212 2746 quia
1245 2694 1381 2734 niohil
1404 2696 1546 2747 potest
1568 2694 1732 2748 inquiri
1755 2695 1806 2736 de
1829 2709 1957 2736 oeruo
1980 2695 2066 2744 illo,
2091 2709 2188 2748 pre-

461 2764 636 2815 ceptum
659 2764 724 2802 est
748 2761 861 2814 quod
887 2763 978 2802 tota
1000 2761 1197 2815 predicta
1220 2763 1326 2804 uilla
1350 2763 1400 2804 de
1423 2763 1682 2805 Maideford’
1709 2763 1861 2806 saisita
1885 2764 1940 2805 sit
1973 2765 2019 2805 in
2050 2778 2186 2805 manu

460 2831 572 2884 regis
615 2845 715 2872 cum
757 2831 885 2872 bosco
927 2831 1175 2884 pertinente
1209 2831 1326 2887 [ἃᾶ]2
1362 2833 1546 2874 eandem
1580 2833 1733 2875 uillam
1767 2833 1933 2875 desiout
1965 2833 2187 2887 predictus

459 2900 678 2942 Heni-icus
701 2900 837 2941 nichil
860 2900 939 2941 seit
963 2900 1014 2942 de
1037 2914 1167 2942 ceruo
1187 2902 1260 2943 illo
1283 2902 1537 2944 certificare.

506 3076 512 3093 ¹
539 3077 556 3104 2
577 3074 694 3106 March
714 3074 804 3115 1202.
1359 3085 1414 3106 are
1433 3075 1533 3106 taken
1560 3077 1647 3105 from
1671 3075 1727 3106 the
1744 3075 1940 3115 transcript,
1959 3074 2015 3105 the
2042 3074 2186 3114 original

540 3119 660 3150 words
690 3119 756 3150 aud
786 3119 900 3150 letters
926 3118 960 3149 in
988 3129 1106 3157 squar(-
1134 3118 1287 3149 brackets
1359 3119 1419 3149 roll
1440 3119 1734 3155 being‹121111;1‚·sc·‹l.
