2421 3529
243 795 301 817 xxx
315 793 363 818 sol.

241 926 277 951 ml
295 926 441 951 iudicium.

246 1767 260 1780 ⁴·
275 1759 352 1783 libre.

246 1826 280 1849 ad
299 1825 445 1849 iudicium.

249 1965 328 1982 xxxv
341 1958 419 1982 libre,

247 2100 282 2123 :111
301 2100 448 2124 iudicium.

251 2306 297 2335 xvj
313 2306 391 2330 libro.

248 2580 291 2610 iiij
307 2587 410 2606 marce.

250 2719 284 2742 sul
302 2719 439 2744 iudicium

474 236 534 280 48
730 243 1038 279 sELEOTIONs
1074 242 1214 276 1011111
1251 242 1354 275 THE
1390 239 1581 275 FOREST
1618 240 1756 273 EYRE
1793 240 1951 275 ROLLs

473 357 602 411 regis,
618 360 663 399 vt
681 356 901 411 predictus
916 356 1074 397 Petrus
1089 355 1274 404 dicebat,
1290 367 1344 395 ne
1360 352 1571 395 animalia
1586 352 1773 394 eundem
1787 353 1966 395 boscum
1983 353 2203 397 intrarent

474 427 537 469 ita
550 426 665 480 quod
680 426 919 467 subboscus
929 424 1123 466 eiusdem
1132 423 1269 477 possit
1279 436 1532 472 recrescere,
1551 421 1666 463 idem
1681 422 1838 463 Petrus
1852 423 1996 464 tenuit
2014 424 2202 464 eundem

474 497 653 537 boscum
676 495 721 536 in
745 495 972 536 defensum
995 493 1084 534 iam
1106 506 1182 546 per
1206 491 1556 545 quinquennium
1580 492 1621 531 et
1643 490 1756 543 cepit
1779 490 1830 532 de
1853 490 2013 533 aueriis
2031 492 2203 533 intran-

474 565 592 607 tibus
614 565 793 606 boscum
811 563 934 603 illum
957 576 1033 615 per
1049 560 1272 615 escapium
1289 560 1476 602 termino
1498 559 1705 613 predicto,
1723 558 1940 609 uidelicet,
1964 559 2201 614 aliquando

474 647 553 687 pro
582 647 670 674 uno
708 632 856 674 0110110
889 631 997 672 (1005
1032 630 1210 679 solidos,
1235 628 1471 681 aliquando
1494 628 1642 669 decem
1675 630 1717 669 et
1748 630 1845 669 0010
1877 628 2092 679 denarios,
2126 629 2201 670 ali-

475 703 650 755 quando
673 700 901 742 duodecim
925 699 1126 740 denarios
1149 701 1191 739 et
1214 697 1451 751 aliquando
1484 711 1556 738 sex
1579 696 1794 738 denarios.
1856 696 1916 737 Et
1939 699 2004 738 est
2028 711 2202 739 summa

475 770 694 823 capcionis
732 769 848 810 1111115
879 768 1061 821 triginta
1095 767 1234 809 solidi.
1308 767 1369 808 Et
1412 765 1514 819 quia
1545 765 1661 806 idem
1693 765 1850 806 Petrus
1882 765 2084 807 denarios
2106 766 2201 807 illos

475 839 550 892 qui
582 839 636 880 ad
658 838 833 880 firmam
857 851 983 879 suam
1006 850 1095 877 non
1118 836 1339 889 pertinent
1361 834 1523 876 iniuste
1546 833 1672 888 cepit,
1695 833 1791 876 ideo
1813 833 1866 876 de
1882 833 1988 888 ipsis
2012 835 2203 877 denariis

476 908 736 963 respondeat
757 923 766 958 3
802 909 843 949 et
866 907 921 949 ad
944 905 1154 947 iudicium
1177 905 1228 947 de
1251 918 1300 947 eo
1322 917 1401 958 pro
1422 904 1589 946 iniusta
1611 902 1829 958 capcione.

907 1147 1091 1182 ¹Adhuc
1116 1147 1171 1182 de
1195 1146 1332 1189 prisis
1357 1146 1482 1181 Petri
1507 1146 1562 1182 de
1589 1146 1772 1181 Neuill'.

566 1249 875 1289 Presentatum
910 1248 975 1287 est
1013 1259 1089 1299 per
1124 1245 1299 1287 eosdem
1330 1246 1374 1286 et
1407 1246 1659 1286 conuictum
1703 1244 1817 1298 quod
1861 1258 1962 1286 cum
1997 1245 2203 1286 dominus

478 1334 552 1361 rex
573 1319 836 1372 precepisset
858 1316 972 1370 quod
994 1317 1143 1370 placea
1165 1316 1239 1357 illa
1271 1315 1316 1356 in
1349 1329 1435 1368 qua
1468 1315 1584 1356 facta
1606 1315 1688 1356 fuit
1711 1314 1910 1356 uendicio
1932 1315 1977 1355 in
2000 1328 2130 1368 110100
2153 1315 2205 1356 (10

479 1388 742 1429 Ridelinton’
768 1386 1064 1427 includeretur
1098 1388 1146 1426 ut
1179 1386 1324 1438 posset
1359 1397 1620 1426 recresscere
1655 1385 1811 1426 Petrus
1834 1384 1886 1425 de
1908 1384 2065 1425 Neuill'
2104 1384 2206 1425 fecit

478 1456 667 1509 agistare
700 1469 833 1509 quam
865 1454 1055 1508 plurima
1088 1453 1299 1495 animalia
1321 1452 1367 1493 in
1390 1453 1538 1506 placea
1570 1452 1645 1494 illa
1676 1455 1908 1506 postquam
1931 1452 2100 1494 inclusa
2122 1452 2206 1493 fuit

478 1540 560 1578 que
602 1530 879 1566 corroserunt
922 1523 1088 1564 sciones
1130 1522 1358 1575 cipporum
1405 1535 1646 1574 quercuum
1693 1521 1974 1562 uenditarum
2020 1523 2062 1562 et
2106 1522 2205 1563 51111-

478 1593 596 1635 bosci
618 1592 829 1646 prostrati
853 1594 894 1633 et
918 1605 1126 1644 magnam
1160 1594 1331 1644 partem
1355 1603 1506 1631 eorum
1538 1590 1765 1643 cipporum
1798 1590 1899 1631 fecit
1922 1589 2141 1631 eradicare
2165 1592 2206 1631 et

479 1662 717 1703 carbonare
740 1661 802 1702 ita
824 1660 938 1714 quod
972 1673 1201 1713 nunquam
1238 1661 1449 1700 recrescet
1479 1658 1534 1700 ad
1561 1659 1803 1712 dampnum
1831 1658 1997 1699 domini
2028 1658 2141 1711 regis
2164 1660 2206 1699 et

479 1731 690 1772 heredum
714 1743 893 1771 suorum
917 1728 969 1769 de
992 1730 1170 1769 centum
1202 1727 1324 1768 libris
1358 1728 1472 1769 vnde
1504 1727 1620 1768 idem
1654 1728 1809 1769 Petrus
1841 1727 2102 1780 respondeat
2120 1742 2128 1776 ;
2164 1729 2205 1768 et

480 1801 534 1842 ad
557 1799 766 1840 iudicium
791 1799 842 1840 de
865 1811 914 1839 eo
937 1797 988 1839 de
1010 1796 1206 1850 predicta
1228 1796 1590 1849 transgressione.

568 1869 690 1910 Idem
728 1869 883 1909 Petrus
916 1866 1108 1920 percepit
1146 1866 1196 1907 de
1229 1865 1436 1918 herbagio
1473 1865 1519 1906 in
1552 1866 1701 1918 placea
1734 1865 1809 1907 illa
1840 1865 1892 1907 (10
1915 1864 2206 1918 agistamcnto

480 1938 673 1993 predicto
696 1936 878 1990 triginta
900 1938 942 1978 et
967 1936 1156 1989 quinque
1178 1935 1312 1976 libras
1344 1948 1426 1988 que
1458 1935 1513 1976 ad
1545 1935 1772 1976 dominum
1802 1949 1947 1988 regem
1985 1934 2206 1988 pertinent

481 2011 523 2050 et
546 2021 634 2048 000
657 2006 712 2048 0(1
744 2006 918 2047 firmam
951 2003 1089 2058 ipsius
1122 2003 1241 2045 Petri
1277 2004 1389 2046 vnde
1421 2003 1537 2046 idem
1570 2004 1725 2046 Petrus
1757 2004 2043 2057 respondeat3
2077 2004 2119 2045 et
2152 2003 2206 2044 ad

481 2076 692 2118 iudicium
715 2075 767 2116 de
785 2088 832 2116 eo
856 2073 908 2115 de
930 2073 1095 2115 iniusta
1118 2073 1335 2126 capcione.

571 2146 693 2187 Idem
730 2145 885 2186 Petrus
920 2142 1020 2184 fecit
1054 2142 1275 2184 includere
1313 2142 1536 2196 quandam
1579 2143 1774 2197 placeam
1808 2141 1854 2183 in
1892 2141 2043 2183 eodem
2076 2154 2207 2194 parco

482 2228 564 2268 que
586 2215 770 2256 uocatur
792 2212 833 2254 10
866 2212 974 2254 Dale
1006 2214 1048 2253 013
1079 2211 1270 2265 percepit
1292 2213 1385 2253 tam
1409 2211 1460 2253 de
1483 2212 1582 2253 feno
1613 2211 1793 2253 uendite
1816 2211 1861 2252 in
1884 2211 2034 2253 eadem
2058 2210 2208 2264 placea

481 2297 614 2338 (10010
637 2283 688 2324 (10
711 2282 881 2336 05001110
903 2281 1154 2323 aueriorum
1177 2283 1218 2323 et
1241 2280 1447 2333 herbagio
1470 2280 1683 2322 sexdecim
1706 2280 1853 2322 libras.

570 2353 693 2394 Idem
716 2352 873 2394 Petrus
895 2350 1198 2404 appropriauit
1222 2349 1303 2391 sibi
1326 2350 1549 2403 quandam
1581 2348 1844 2402 particulam
1877 2350 1991 2390 terre
2014 2347 2060 2388 in
2085 2346 2204 2390 Stok'

482 2436 564 2477 que
580 2424 707 2475 capta
730 2420 812 2462 fuit
835 2420 880 2461 in
903 2433 1087 2461 manum
1110 2418 1277 2460 domini
1295 2418 1408 2472 regis
1432 2418 1477 2458 in
1502 2418 1657 2459 0111010
1680 2417 1834 2459 itinere
1866 2416 2206 2458 iusticiariorum

482 2490 794 2533 itinerancium
837 2489 890 2530 ad
928 2488 1088 2542 placita
1131 2488 1289 2529 foreste
1330 2488 1376 2528 in
1423 2487 1635 2529 comitatu
1687 2487 1881 2540 predicto
1933 2487 1976 2528 et
2027 2487 2207 2527 vocatur

483 2559 772 2601 Esschelund’
797 2560 839 2599 et
862 2557 1053 2611 percepit
1076 2557 1176 2598 inde
1198 2556 1429 2598 comodum
1453 2558 1639 2609 quatuor
1672 2569 1921 2596 marcarum
1951 2556 2053 2596 ante
2075 2566 2206 2602 0000,

484 2629 535 2670 (10
559 2628 717 2682 quibus
739 2627 831 2679 ipse
854 2626 1140 2679 respondeat;
1176 2628 1217 2666 et
1240 2627 1357 2666 terra
1380 2625 1578 2678 capiatur
1600 2624 1646 2664 10
1668 2638 1852 2665 manum
1876 2623 2043 2665 domini
2066 2621 2204 2675 regis;

484 2699 526 2740 et
549 2697 801 2743 remaneat;
837 2697 879 2735 et
902 2695 957 2735 ad
981 2694 1190 2734 iudicium
1214 2694 1265 2734 de
1288 2694 1481 2747 predicto
1505 2694 1632 2735 Petro
1655 2707 1733 2747 pro
1756 2693 1922 2734 iniusta
1954 2690 2206 2746 appropria-

484 2766 618 2808 cione.

571 2834 693 2875 Idem
718 2833 873 2874 Petrus
897 2831 1198 2884 appropriauit
1222 2831 1303 2872 sibi
1326 2831 1553 2872 duodecim
1577 2831 1834 2873 denarratas
1858 2829 1995 2872 annui
2012 2827 2207 2869 redditus

483 2905 534 2946 de
558 2903 754 2944 Iohanne
777 2902 828 2943 de
850 2900 1057 2942 Vffinton’
1081 2913 1158 2953 pro
1181 2913 1267 2941 vna
1289 2913 1390 2941 0010
1418 2902 1530 2941 terre
1563 2900 1615 2941 (10
1649 2899 1865 2941 dominico
1898 2897 2063 2940 domini
2094 2896 2207 2949 regis

483 2974 529 3015 in
572 2971 777 3026 Depedal'
822 2984 896 3024 per
948 2971 1091 3011 totum
1144 2970 1318 3022 tempus
1371 2982 1455 3021 quo
1498 2969 1580 3010 fuit
1633 2968 1888 3010 forestarius
1935 2966 1991 3009 ad
2033 2965 2206 3008 exhere-

1183 3104 1189 3120 ¹
1216 3102 1293 3134 Roll
1311 3105 1340 3140 3,
1358 3103 1393 3133 in
1412 3102 1521 3134 (10150.
