<?xml version="1.0" encoding="UTF-8"?>
<!DOCTYPE html PUBLIC "-//W3C//DTD XHTML 1.0 Transitional//EN"
    "http://www.w3.org/TR/xhtml1/DTD/xhtml1-transitional.dtd">
<html xmlns="http://www.w3.org/1999/xhtml" xml:lang="en" lang="en">
 <head>
  <title>
</title>
<meta http-equiv="Content-Type" content="text/html;charset=utf-8" />
  <meta name='ocr-system' content='tesseract 3.04.00' />
  <meta name='ocr-capabilities' content='ocr_page ocr_carea ocr_par ocr_line ocrx_word'/>
</head>
<body>
  <div class='ocr_page' id='page_1' title='image "./selectpleasoffor00grearich_0210.png"; bbox 0 0 2421 3529; ppageno 0'>
   <div class='ocr_carea' id='block_1_1' title="bbox 192 513 301 572">
    <p class='ocr_par' dir='ltr' id='par_1_1' title="bbox 192 513 301 572">
     <span class='ocr_line' id='line_1_1' title="bbox 193 513 301 537; baseline 0 0"><span class='ocrx_word' id='word_1_1' title='bbox 193 513 301 537; x_wconf 70' lang='lat' dir='ltr'>miseri-</span> 
     </span>
     <span class='ocr_line' id='line_1_2' title="bbox 192 547 298 572; baseline 0 -1"><span class='ocrx_word' id='word_1_2' title='bbox 192 547 298 572; x_wconf 83' lang='lat' dir='ltr'>cordia.</span> 
     </span>
    </p>
   </div>
   <div class='ocr_carea' id='block_1_2' title="bbox 198 928 307 986">
    <p class='ocr_par' dir='ltr' id='par_1_2' title="bbox 198 928 307 986">
     <span class='ocr_line' id='line_1_3' title="bbox 198 928 307 952; baseline -0.009 0"><span class='ocrx_word' id='word_1_3' title='bbox 198 928 307 952; x_wconf 60' lang='lat' dir='ltr'>miseri-</span> 
     </span>
     <span class='ocr_line' id='line_1_4' title="bbox 200 962 300 986; baseline 0 -1"><span class='ocrx_word' id='word_1_4' title='bbox 200 962 300 986; x_wconf 83' lang='lat' dir='ltr'>cordia</span> 
     </span>
    </p>
   </div>
   <div class='ocr_carea' id='block_1_3' title="bbox 196 1136 307 1194">
    <p class='ocr_par' dir='ltr' id='par_1_3' title="bbox 196 1136 307 1194">
     <span class='ocr_line' id='line_1_5' title="bbox 198 1136 307 1160; baseline -0.009 0"><span class='ocrx_word' id='word_1_5' title='bbox 198 1136 307 1160; x_wconf 78' lang='lat' dir='ltr'>miseri—</span> 
     </span>
     <span class='ocr_line' id='line_1_6' title="bbox 196 1170 301 1194; baseline 0 0"><span class='ocrx_word' id='word_1_6' title='bbox 196 1170 301 1194; x_wconf 81' lang='lat' dir='ltr'>cordie.</span> 
     </span>
    </p>
   </div>
   <div class='ocr_carea' id='block_1_4' title="bbox 209 2531 385 2550">
    <p class='ocr_par' dir='ltr' id='par_1_4' title="bbox 209 2531 385 2550">
     <span class='ocr_line' id='line_1_7' title="bbox 209 2531 385 2550; baseline -0.006 0"><span class='ocrx_word' id='word_1_7' title='bbox 209 2533 268 2550; x_wconf 73' lang='lat' dir='ltr'>XXX</span> <span class='ocrx_word' id='word_1_8' title='bbox 282 2531 385 2550; x_wconf 72' lang='lat' dir='ltr'>marce.</span> 
     </span>
    </p>
   </div>
   <div class='ocr_carea' id='block_1_5' title="bbox 209 2599 342 2651">
    <p class='ocr_par' dir='ltr' id='par_1_5' title="bbox 209 2599 342 2651">
     <span class='ocr_line' id='line_1_8' title="bbox 209 2599 312 2617; baseline -0.019 0"><span class='ocrx_word' id='word_1_9' title='bbox 209 2599 312 2617; x_wconf 82' lang='lat' dir='ltr'>memo-</span> 
     </span>
     <span class='ocr_line' id='line_1_9' title="bbox 209 2627 342 2651; baseline -0.015 -1"><span class='ocrx_word' id='word_1_10' title='bbox 209 2627 342 2651; x_wconf 75' lang='lat' dir='ltr'>randum.</span> 
     </span>
    </p>
   </div>
   <div class='ocr_carea' id='block_1_6' title="bbox 209 2798 381 2863">
    <p class='ocr_par' dir='ltr' id='par_1_6' title="bbox 209 2798 381 2863">
     <span class='ocr_line' id='line_1_10' title="bbox 211 2798 381 2823; baseline -0.006 0"><span class='ocrx_word' id='word_1_11' title='bbox 211 2798 381 2823; x_wconf 74' lang='lat' dir='ltr'>mandatum</span> 
     </span>
     <span class='ocr_line' id='line_1_11' title="bbox 209 2838 350 2863; baseline -0.007 -7"><span class='ocrx_word' id='word_1_12' title='bbox 209 2838 350 2863; x_wconf 75' lang='lat' dir='ltr'>episcopo.</span> 
     </span>
    </p>
   </div>
   <div class='ocr_carea' id='block_1_7' title="bbox 431 239 1901 284">
    <p class='ocr_par' dir='ltr' id='par_1_7' title="bbox 431 239 1901 284">
     <span class='ocr_line' id='line_1_12' title="bbox 431 239 1901 284; baseline -0.003 0"><span class='ocrx_word' id='word_1_13' title='bbox 431 239 488 284; x_wconf 80' lang='lat'>31</span> <span class='ocrx_word' id='word_1_14' title='bbox 684 246 991 283; x_wconf 72' lang='lat' dir='ltr'>SELECTIONs</span> <span class='ocrx_word' id='word_1_15' title='bbox 1026 246 1165 281; x_wconf 76' lang='lat' dir='ltr'><strong>FROM</strong></span> <span class='ocrx_word' id='word_1_16' title='bbox 1201 246 1305 280; x_wconf 86' lang='lat' dir='ltr'>THE</span> <span class='ocrx_word' id='word_1_17' title='bbox 1340 246 1530 280; x_wconf 72' lang='lat' dir='ltr'>Fonnsr</span> <span class='ocrx_word' id='word_1_18' title='bbox 1567 245 1705 279; x_wconf 78' lang='lat' dir='ltr'>EYRE</span> <span class='ocrx_word' id='word_1_19' title='bbox 1741 245 1901 279; x_wconf 79' lang='lat' dir='ltr'>ROLLs</span> 
     </span>
    </p>
   </div>
   <div class='ocr_carea' id='block_1_8' title="bbox 427 357 2172 2838">
    <p class='ocr_par' dir='ltr' id='par_1_8' title="bbox 427 357 2152 553">
     <span class='ocr_line' id='line_1_13' title="bbox 428 357 2150 415; baseline -0.003 -12"><span class='ocrx_word' id='word_1_20' title='bbox 428 362 544 403; x_wconf 86' lang='lat' dir='ltr'>facta</span> <span class='ocrx_word' id='word_1_21' title='bbox 561 375 638 415; x_wconf 88' lang='lat' dir='ltr'>per</span> <span class='ocrx_word' id='word_1_22' title='bbox 662 364 850 414; x_wconf 89' lang='lat' dir='ltr'>quatuor</span> <span class='ocrx_word' id='word_1_23' title='bbox 872 359 1048 401; x_wconf 86' lang='lat' dir='ltr'>villatas</span> <span class='ocrx_word' id='word_1_24' title='bbox 1070 359 1342 413; x_wconf 81' lang='lat' dir='ltr'>Lyuenden&#39;‚</span> <span class='ocrx_word' id='word_1_25' title='bbox 1367 358 1597 408; x_wconf 88' lang='lat' dir='ltr'>Bricstok’,</span> <span class='ocrx_word' id='word_1_26' title='bbox 1619 358 1825 412; x_wconf 83' lang='lat' dir='ltr'>Suburg’,</span> <span class='ocrx_word' id='word_1_27' title='bbox 1842 357 2048 408; x_wconf 85' lang='lat' dir='ltr'>Luffwic&#39;,</span> <span class='ocrx_word' id='word_1_28' title='bbox 2068 372 2150 412; x_wconf 92' lang='lat' dir='ltr'>que</span> 
     </span>
     <span class='ocr_line' id='line_1_14' title="bbox 427 427 2152 483; baseline -0.002 -11"><span class='ocrx_word' id='word_1_29' title='bbox 427 431 564 472; x_wconf 82' lang='lat' dir='ltr'>nichil</span> <span class='ocrx_word' id='word_1_30' title='bbox 608 430 709 472; x_wconf 90' lang='lat' dir='ltr'>inde</span> <span class='ocrx_word' id='word_1_31' title='bbox 755 429 975 483; x_wconf 79' lang='lat' dir='ltr'>inquirere</span> <span class='ocrx_word' id='word_1_32' title='bbox 1022 430 1275 482; x_wconf 90' lang='lat' dir='ltr'>potuerunt.</span> <span class='ocrx_word' id='word_1_33' title='bbox 1349 429 1410 469; x_wconf 89' lang='lat' dir='ltr'>Et</span> <span class='ocrx_word' id='word_1_34' title='bbox 1456 428 1558 481; x_wconf 89' lang='lat' dir='ltr'>quia</span> <span class='ocrx_word' id='word_1_35' title='bbox 1599 427 1757 469; x_wconf 79' lang='lat' dir='ltr'>will-ate</span> <span class='ocrx_word' id='word_1_36' title='bbox 1805 441 1895 469; x_wconf 89' lang='lat' dir='ltr'>non</span> <span class='ocrx_word' id='word_1_37' title='bbox 1937 429 2152 469; x_wconf 89' lang='lat' dir='ltr'>venerunt</span> 
     </span>
     <span class='ocr_line' id='line_1_15' title="bbox 428 496 1595 553; baseline -0.003 -13"><span class='ocrx_word' id='word_1_38' title='bbox 428 499 622 553; x_wconf 73' lang='lat' dir='ltr'>plenarie</span> <span class='ocrx_word' id='word_1_39' title='bbox 646 499 700 540; x_wconf 88' lang='lat' dir='ltr'>ad</span> <span class='ocrx_word' id='word_1_40' title='bbox 724 497 1071 552; x_wconf 80' lang='lat' dir='ltr'>inquisicionem,</span> <span class='ocrx_word' id='word_1_41' title='bbox 1096 497 1192 538; x_wconf 90' lang='lat' dir='ltr'>ideo</span> <span class='ocrx_word' id='word_1_42' title='bbox 1214 497 1260 537; x_wconf 91' lang='lat' dir='ltr'>in</span> <span class='ocrx_word' id='word_1_43' title='bbox 1283 496 1595 538; x_wconf 79' lang='lat' dir='ltr'>misericordia.</span> 
     </span>
    </p>

    <p class='ocr_par' dir='ltr' id='par_1_9' title="bbox 428 564 2158 1161">
     <span class='ocr_line' id='line_1_16' title="bbox 519 564 2153 619; baseline -0.002 -10"><span class='ocrx_word' id='word_1_44' title='bbox 519 568 859 609; x_wconf 88' lang='lat' dir='ltr'>¹Presentatum</span> <span class='ocrx_word' id='word_1_45' title='bbox 902 568 967 607; x_wconf 88' lang='lat' dir='ltr'>est</span> <span class='ocrx_word' id='word_1_46' title='bbox 1008 580 1084 619; x_wconf 90' lang='lat' dir='ltr'>per</span> <span class='ocrx_word' id='word_1_47' title='bbox 1117 565 1291 607; x_wconf 88' lang='lat' dir='ltr'>eosdem</span> <span class='ocrx_word' id='word_1_48' title='bbox 1321 565 1434 619; x_wconf 89' lang='lat' dir='ltr'>quod</span> <span class='ocrx_word' id='word_1_49' title='bbox 1467 565 1567 606; x_wconf 82' lang='lat' dir='ltr'>die²</span> <span class='ocrx_word' id='word_1_50' title='bbox 1597 564 1778 607; x_wconf 87' lang='lat' dir='ltr'>Veneris</span> <span class='ocrx_word' id='word_1_51' title='bbox 1820 564 2018 618; x_wconf 74' lang='lat' dir='ltr'>proxima</span> <span class='ocrx_word' id='word_1_52' title='bbox 2050 566 2153 606; x_wconf 90' lang='lat' dir='ltr'>ante</span> 
     </span>
     <span class='ocr_line' id='line_1_17' title="bbox 428 634 2153 688; baseline -0.001 -11"><span class='ocrx_word' id='word_1_53' title='bbox 428 636 790 678; x_wconf 87' lang='lat' dir='ltr'>Purificacionem</span> <span class='ocrx_word' id='word_1_54' title='bbox 822 636 946 677; x_wconf 90' lang='lat' dir='ltr'>beate</span> <span class='ocrx_word' id='word_1_55' title='bbox 980 634 1119 676; x_wconf 87' lang='lat' dir='ltr'>Marie</span> <span class='ocrx_word' id='word_1_56' title='bbox 1157 648 1274 676; x_wconf 89' lang='lat' dir='ltr'>anno</span> <span class='ocrx_word' id='word_1_57' title='bbox 1306 634 1528 676; x_wconf 86' lang='lat' dir='ltr'>tricesimo</span> <span class='ocrx_word' id='word_1_58' title='bbox 1563 634 1753 676; x_wconf 85' lang='lat' dir='ltr'>secundo</span> <span class='ocrx_word' id='word_1_59' title='bbox 1786 634 1964 688; x_wconf 88' lang='lat' dir='ltr'>quidam</span> <span class='ocrx_word' id='word_1_60' title='bbox 1997 648 2153 675; x_wconf 90' lang='lat' dir='ltr'>ceruus</span> 
     </span>
     <span class='ocr_line' id='line_1_18' title="bbox 429 703 2155 758; baseline -0.001 -12"><span class='ocrx_word' id='word_1_61' title='bbox 429 707 631 746; x_wconf 90' lang='lat' dir='ltr'>mortuus</span> <span class='ocrx_word' id='word_1_62' title='bbox 661 704 756 753; x_wconf 86' lang='lat' dir='ltr'>fuit,</span> <span class='ocrx_word' id='word_1_63' title='bbox 780 717 1013 758; x_wconf 87' lang='lat' dir='ltr'>percussus</span> <span class='ocrx_word' id='word_1_64' title='bbox 1047 703 1237 757; x_wconf 88' lang='lat' dir='ltr'>quadam</span> <span class='ocrx_word' id='word_1_65' title='bbox 1265 703 1440 755; x_wconf 71' lang='lat' dir='ltr'>sagitta,</span> <span class='ocrx_word' id='word_1_66' title='bbox 1465 706 1507 744; x_wconf 91' lang='lat' dir='ltr'>et</span> <span class='ocrx_word' id='word_1_67' title='bbox 1533 706 1736 744; x_wconf 89' lang='lat' dir='ltr'>mortuus</span> <span class='ocrx_word' id='word_1_68' title='bbox 1760 704 1843 745; x_wconf 88' lang='lat' dir='ltr'>fuit</span> <span class='ocrx_word' id='word_1_69' title='bbox 1866 703 2076 744; x_wconf 90' lang='lat' dir='ltr'>inuentus</span> <span class='ocrx_word' id='word_1_70' title='bbox 2107 703 2155 744; x_wconf 90' lang='lat' dir='ltr'>in</span> 
     </span>
     <span class='ocr_line' id='line_1_19' title="bbox 431 772 2154 827; baseline -0.001 -13"><span class='ocrx_word' id='word_1_71' title='bbox 431 774 698 827; x_wconf 83' lang='lat' dir='ltr'>Lytlehawe.</span> <span class='ocrx_word' id='word_1_72' title='bbox 781 772 1020 826; x_wconf 88' lang='lat' dir='ltr'>Inquisicio</span> <span class='ocrx_word' id='word_1_73' title='bbox 1062 773 1178 814; x_wconf 83' lang='lat' dir='ltr'>facta</span> <span class='ocrx_word' id='word_1_74' title='bbox 1221 772 1304 813; x_wconf 85' lang='lat' dir='ltr'>fuit</span> <span class='ocrx_word' id='word_1_75' title='bbox 1346 786 1421 825; x_wconf 90' lang='lat' dir='ltr'>per</span> <span class='ocrx_word' id='word_1_76' title='bbox 1465 775 1653 826; x_wconf 83' lang='lat' dir='ltr'>quatuor</span> <span class='ocrx_word' id='word_1_77' title='bbox 1694 772 1867 814; x_wconf 80' lang='lat' dir='ltr'>villatas</span> <span class='ocrx_word' id='word_1_78' title='bbox 1921 773 2154 821; x_wconf 87' lang='lat' dir='ltr'>Carleton&#39;‚</span> 
     </span>
     <span class='ocr_line' id='line_1_20' title="bbox 431 841 2157 897; baseline -0.002 -13"><span class='ocrx_word' id='word_1_79' title='bbox 431 844 593 897; x_wconf 81' lang='lat' dir='ltr'>Magna</span> <span class='ocrx_word' id='word_1_80' title='bbox 622 843 735 892; x_wconf 84' lang='lat' dir='ltr'>Acle,</span> <span class='ocrx_word' id='word_1_81' title='bbox 770 843 965 884; x_wconf 83' lang='lat' dir='ltr'>Risston’</span> <span class='ocrx_word' id='word_1_82' title='bbox 997 844 1040 883; x_wconf 85' lang='lat' dir='ltr'>et</span> <span class='ocrx_word' id='word_1_83' title='bbox 1071 841 1361 884; x_wconf 86' lang='lat' dir='ltr'>Coddinham.</span> <span class='ocrx_word' id='word_1_84' title='bbox 1424 842 1484 882; x_wconf 88' lang='lat' dir='ltr'>Et</span> <span class='ocrx_word' id='word_1_85' title='bbox 1517 841 1619 895; x_wconf 88' lang='lat' dir='ltr'>quia</span> <span class='ocrx_word' id='word_1_86' title='bbox 1648 841 1797 883; x_wconf 81' lang='lat' dir='ltr'>villate</span> <span class='ocrx_word' id='word_1_87' title='bbox 1823 855 1912 883; x_wconf 91' lang='lat' dir='ltr'>non</span> <span class='ocrx_word' id='word_1_88' title='bbox 1941 843 2157 882; x_wconf 82' lang='lat' dir='ltr'>venerunt</span> 
     </span>
     <span class='ocr_line' id='line_1_21' title="bbox 430 909 2157 966; baseline -0.001 -13"><span class='ocrx_word' id='word_1_89' title='bbox 430 912 624 966; x_wconf 75' lang='lat' dir='ltr'>plenarie</span> <span class='ocrx_word' id='word_1_90' title='bbox 658 915 755 962; x_wconf 64' lang='lat' dir='ltr'>etc„</span> <span class='ocrx_word' id='word_1_91' title='bbox 793 912 889 953; x_wconf 89' lang='lat' dir='ltr'>ideo</span> <span class='ocrx_word' id='word_1_92' title='bbox 926 911 972 952; x_wconf 90' lang='lat' dir='ltr'>in</span> <span class='ocrx_word' id='word_1_93' title='bbox 1010 911 1323 952; x_wconf 75' lang='lat' dir='ltr'>misericordia.</span> <span class='ocrx_word' id='word_1_94' title='bbox 1385 911 1446 953; x_wconf 90' lang='lat' dir='ltr'>Et</span> <span class='ocrx_word' id='word_1_95' title='bbox 1476 910 1628 952; x_wconf 86' lang='lat' dir='ltr'>villata</span> <span class='ocrx_word' id='word_1_96' title='bbox 1663 910 1714 952; x_wconf 89' lang='lat' dir='ltr'>de</span> <span class='ocrx_word' id='word_1_97' title='bbox 1750 910 1982 963; x_wconf 78' lang='lat' dir='ltr'>Cotingha&#39;</span> <span class='ocrx_word' id='word_1_98' title='bbox 2015 909 2157 951; x_wconf 88' lang='lat' dir='ltr'>noluit</span> 
     </span>
     <span class='ocr_line' id='line_1_22' title="bbox 432 979 2156 1033; baseline -0.003 -10"><span class='ocrx_word' id='word_1_99' title='bbox 432 981 579 1023; x_wconf 75' lang='lat' dir='ltr'>venire</span> <span class='ocrx_word' id='word_1_100' title='bbox 622 996 770 1023; x_wconf 86' lang='lat' dir='ltr'>coram</span> <span class='ocrx_word' id='word_1_101' title='bbox 812 980 1031 1022; x_wconf 79' lang='lat' dir='ltr'>viridariis</span> <span class='ocrx_word' id='word_1_102' title='bbox 1075 983 1154 1022; x_wconf 89' lang='lat' dir='ltr'>etc.</span> <span class='ocrx_word' id='word_1_103' title='bbox 1232 980 1292 1021; x_wconf 90' lang='lat' dir='ltr'>Et</span> <span class='ocrx_word' id='word_1_104' title='bbox 1345 980 1427 1021; x_wconf 88' lang='lat' dir='ltr'>fuit</span> <span class='ocrx_word' id='word_1_105' title='bbox 1470 980 1714 1021; x_wconf 88' lang='lat' dir='ltr'>attachiata</span> <span class='ocrx_word' id='word_1_106' title='bbox 1756 993 1832 1033; x_wconf 90' lang='lat' dir='ltr'>per</span> <span class='ocrx_word' id='word_1_107' title='bbox 1884 980 2065 1021; x_wconf 88' lang='lat' dir='ltr'>Petrum</span> <span class='ocrx_word' id='word_1_108' title='bbox 2117 979 2156 1019; x_wconf 92' lang='grc'>16</span> 
     </span>
     <span class='ocr_line' id='line_1_23' title="bbox 431 1046 2158 1104; baseline -0.002 -13"><span class='ocrx_word' id='word_1_109' title='bbox 431 1051 609 1092; x_wconf 87' lang='grc' dir='ltr'>Β161011’</span> <span class='ocrx_word' id='word_1_110' title='bbox 649 1051 700 1091; x_wconf 83' lang='grc'>(16</span> <span class='ocrx_word' id='word_1_111' title='bbox 739 1050 969 1104; x_wconf 84' lang='lat' dir='ltr'>Cotingha&#39;</span> <span class='ocrx_word' id='word_1_112' title='bbox 1009 1052 1051 1091; x_wconf 86' lang='lat' dir='ltr'>et</span> <span class='ocrx_word' id='word_1_113' title='bbox 1087 1049 1353 1091; x_wconf 89' lang='lat' dir='ltr'>Willelmum</span> <span class='ocrx_word' id='word_1_114' title='bbox 1393 1048 1646 1091; x_wconf 85' lang='lat' dir='ltr'>Curlewald&#39;</span> <span class='ocrx_word' id='word_1_115' title='bbox 1676 1048 1727 1090; x_wconf 90' lang='lat' dir='ltr'>de</span> <span class='ocrx_word' id='word_1_116' title='bbox 1765 1048 1946 1097; x_wconf 86' lang='lat' dir='ltr'>eadem;</span> <span class='ocrx_word' id='word_1_117' title='bbox 1981 1047 2077 1089; x_wconf 88' lang='lat' dir='ltr'>ideo</span> <span class='ocrx_word' id='word_1_118' title='bbox 2113 1046 2158 1087; x_wconf 90' lang='lat' dir='ltr'>in</span> 
     </span>
     <span class='ocr_line' id='line_1_24' title="bbox 435 1119 746 1161; baseline 0 -1"><span class='ocrx_word' id='word_1_119' title='bbox 435 1119 746 1161; x_wconf 74' lang='lat' dir='ltr'>misericordia.</span> 
     </span>
    </p>

    <p class='ocr_par' dir='ltr' id='par_1_10' title="bbox 432 1186 2170 2618">
     <span class='ocr_line' id='line_1_25' title="bbox 520 1186 2160 1242; baseline -0.002 -13"><span class='ocrx_word' id='word_1_120' title='bbox 520 1189 861 1230; x_wconf 81' lang='lat' dir='ltr'>3Presentatum</span> <span class='ocrx_word' id='word_1_121' title='bbox 891 1191 956 1230; x_wconf 90' lang='lat' dir='ltr'>est</span> <span class='ocrx_word' id='word_1_122' title='bbox 988 1202 1063 1242; x_wconf 90' lang='lat' dir='ltr'>per</span> <span class='ocrx_word' id='word_1_123' title='bbox 1094 1187 1268 1229; x_wconf 88' lang='lat' dir='ltr'>eosdem</span> <span class='ocrx_word' id='word_1_124' title='bbox 1299 1187 1412 1241; x_wconf 94' lang='lat' dir='ltr'>quod</span> <span class='ocrx_word' id='word_1_125' title='bbox 1444 1186 1640 1240; x_wconf 75' lang='lat' dir='ltr'>proximo</span> <span class='ocrx_word' id='word_1_126' title='bbox 1676 1186 1771 1227; x_wconf 73' lang='grc'>(1164</span> <span class='ocrx_word' id='word_1_127' title='bbox 1802 1186 2034 1228; x_wconf 88' lang='lat' dir='ltr'>Dominica</span> <span class='ocrx_word' id='word_1_128' title='bbox 2057 1187 2160 1227; x_wconf 89' lang='lat' dir='ltr'>ante</span> 
     </span>
     <span class='ocr_line' id='line_1_26' title="bbox 432 1255 2160 1308; baseline -0.002 -9"><span class='ocrx_word' id='word_1_129' title='bbox 432 1258 711 1299; x_wconf 86' lang='lat' dir='ltr'>Dominicam</span> <span class='ocrx_word' id='word_1_130' title='bbox 754 1258 1009 1299; x_wconf 89' lang='lat' dir='ltr'>Palmarum</span> <span class='ocrx_word' id='word_1_131' title='bbox 1052 1271 1168 1299; x_wconf 87' lang='lat' dir='ltr'>anno</span> <span class='ocrx_word' id='word_1_132' title='bbox 1210 1256 1431 1298; x_wconf 86' lang='lat' dir='ltr'>tricesimo</span> <span class='ocrx_word' id='word_1_133' title='bbox 1474 1256 1664 1297; x_wconf 86' lang='lat' dir='ltr'>secundo</span> <span class='ocrx_word' id='word_1_134' title='bbox 1698 1256 1918 1297; x_wconf 81' lang='lat' dir='ltr'>Walterus</span> <span class='ocrx_word' id='word_1_135' title='bbox 1957 1255 2008 1296; x_wconf 90' lang='lat' dir='ltr'>de</span> <span class='ocrx_word' id='word_1_136' title='bbox 2043 1255 2160 1308; x_wconf 86' lang='lat' dir='ltr'>Grey</span> 
     </span>
     <span class='ocr_line' id='line_1_27' title="bbox 433 1324 2161 1381; baseline -0.002 -13"><span class='ocrx_word' id='word_1_137' title='bbox 433 1327 559 1368; x_wconf 90' lang='lat' dir='ltr'>miles</span> <span class='ocrx_word' id='word_1_138' title='bbox 594 1329 636 1369; x_wconf 90' lang='lat' dir='ltr'>et</span> <span class='ocrx_word' id='word_1_139' title='bbox 675 1329 863 1381; x_wconf 88' lang='lat' dir='ltr'>quatuor</span> <span class='ocrx_word' id='word_1_140' title='bbox 901 1326 1103 1367; x_wconf 91' lang='lat' dir='ltr'>homines</span> <span class='ocrx_word' id='word_1_141' title='bbox 1139 1325 1207 1367; x_wconf 88' lang='lat' dir='ltr'>sui</span> <span class='ocrx_word' id='word_1_142' title='bbox 1241 1325 1409 1379; x_wconf 89' lang='lat' dir='ltr'>equites</span> <span class='ocrx_word' id='word_1_143' title='bbox 1444 1327 1486 1367; x_wconf 93' lang='lat' dir='ltr'>et</span> <span class='ocrx_word' id='word_1_144' title='bbox 1508 1325 1752 1367; x_wconf 85' lang='lat' dir='ltr'>Willelmus</span> <span class='ocrx_word' id='word_1_145' title='bbox 1787 1325 1967 1366; x_wconf 87' lang='lat' dir='ltr'>clericus</span> <span class='ocrx_word' id='word_1_146' title='bbox 2006 1326 2048 1365; x_wconf 91' lang='lat' dir='ltr'>et</span> <span class='ocrx_word' id='word_1_147' title='bbox 2087 1324 2161 1365; x_wconf 90' lang='lat' dir='ltr'>alii</span> 
     </span>
     <span class='ocr_line' id='line_1_28' title="bbox 434 1393 2160 1450; baseline -0.003 -12"><span class='ocrx_word' id='word_1_148' title='bbox 434 1411 621 1450; x_wconf 88' lang='lat' dir='ltr'>quorum</span> <span class='ocrx_word' id='word_1_149' title='bbox 660 1396 840 1438; x_wconf 89' lang='lat' dir='ltr'>nomina</span> <span class='ocrx_word' id='word_1_150' title='bbox 874 1395 1135 1449; x_wconf 74' lang='lat' dir='ltr'>ignorantur</span> <span class='ocrx_word' id='word_1_151' title='bbox 1169 1395 1442 1436; x_wconf 86' lang='lat' dir='ltr'>transierunt</span> <span class='ocrx_word' id='word_1_152' title='bbox 1484 1408 1561 1448; x_wconf 90' lang='lat' dir='ltr'>per</span> <span class='ocrx_word' id='word_1_153' title='bbox 1595 1395 1797 1436; x_wconf 85' lang='lat' dir='ltr'>Landam</span> <span class='ocrx_word' id='word_1_154' title='bbox 1841 1394 1892 1435; x_wconf 90' lang='lat' dir='ltr'>de</span> <span class='ocrx_word' id='word_1_155' title='bbox 1934 1393 2160 1447; x_wconf 67' lang='lat' dir='ltr'>Benyfeld&#39;</span> 
     </span>
     <span class='ocr_line' id='line_1_29' title="bbox 435 1463 2162 1519; baseline -0.002 -12"><span class='ocrx_word' id='word_1_156' title='bbox 435 1467 643 1507; x_wconf 88' lang='lat' dir='ltr'>ducentes</span> <span class='ocrx_word' id='word_1_157' title='bbox 684 1465 950 1519; x_wconf 87' lang='lat' dir='ltr'>leporarios;</span> <span class='ocrx_word' id='word_1_158' title='bbox 997 1464 1071 1518; x_wconf 87' lang='lat' dir='ltr'>qui</span> <span class='ocrx_word' id='word_1_159' title='bbox 1112 1464 1317 1518; x_wconf 81' lang='lat' dir='ltr'>leporarii</span> <span class='ocrx_word' id='word_1_160' title='bbox 1358 1466 1648 1505; x_wconf 86' lang='lat' dir='ltr'>cuccurerunt</span> <span class='ocrx_word' id='word_1_161' title='bbox 1691 1464 1746 1505; x_wconf 92' lang='lat' dir='ltr'>ad</span> <span class='ocrx_word' id='word_1_162' title='bbox 1788 1477 1922 1504; x_wconf 72' lang='lat' dir='ltr'>Vnam</span> <span class='ocrx_word' id='word_1_163' title='bbox 1963 1463 2162 1504; x_wconf 88' lang='lat' dir='ltr'>herdiam</span> 
     </span>
     <span class='ocr_line' id='line_1_30' title="bbox 433 1531 2163 1587; baseline -0.003 -10"><span class='ocrx_word' id='word_1_164' title='bbox 433 1535 674 1577; x_wconf 84' lang='lat' dir='ltr'>bestiarum</span> <span class='ocrx_word' id='word_1_165' title='bbox 713 1538 776 1576; x_wconf 86' lang='lat' dir='ltr'>set</span> <span class='ocrx_word' id='word_1_166' title='bbox 811 1535 946 1576; x_wconf 88' lang='lat' dir='ltr'>nichil</span> <span class='ocrx_word' id='word_1_167' title='bbox 989 1536 1212 1587; x_wconf 87' lang='lat' dir='ltr'>ceperunt.</span> <span class='ocrx_word' id='word_1_168' title='bbox 1289 1534 1412 1585; x_wconf 81' lang='lat' dir='ltr'>Quod</span> <span class='ocrx_word' id='word_1_169' title='bbox 1449 1548 1550 1575; x_wconf 89' lang='lat' dir='ltr'>cum</span> <span class='ocrx_word' id='word_1_170' title='bbox 1593 1533 1811 1574; x_wconf 87' lang='lat' dir='ltr'>forestarii</span> <span class='ocrx_word' id='word_1_171' title='bbox 1851 1531 2163 1586; x_wconf 87' lang='lat' dir='ltr'>percepissent,</span> 
     </span>
     <span class='ocr_line' id='line_1_31' title="bbox 433 1601 2165 1659; baseline -0.003 -13"><span class='ocrx_word' id='word_1_172' title='bbox 433 1605 550 1659; x_wconf 88' lang='lat' dir='ltr'>ipsos</span> <span class='ocrx_word' id='word_1_173' title='bbox 573 1605 901 1646; x_wconf 86' lang='lat' dir='ltr'>insultauerunt</span> <span class='ocrx_word' id='word_1_174' title='bbox 934 1607 975 1645; x_wconf 90' lang='grc'>61</span> <span class='ocrx_word' id='word_1_175' title='bbox 1008 1606 1214 1657; x_wconf 86' lang='lat' dir='ltr'>ceperunt</span> <span class='ocrx_word' id='word_1_176' title='bbox 1249 1603 1415 1644; x_wconf 87' lang='lat' dir='ltr'>dictum</span> <span class='ocrx_word' id='word_1_177' title='bbox 1437 1603 1704 1644; x_wconf 85' lang='lat' dir='ltr'>Willelmum</span> <span class='ocrx_word' id='word_1_178' title='bbox 1738 1602 1968 1651; x_wconf 82' lang='lat' dir='ltr'>Clericum,</span> <span class='ocrx_word' id='word_1_179' title='bbox 2003 1601 2165 1642; x_wconf 88' lang='lat' dir='ltr'>Iohan-</span> 
     </span>
     <span class='ocr_line' id='line_1_32' title="bbox 435 1669 2164 1726; baseline -0.003 -11"><span class='ocrx_word' id='word_1_180' title='bbox 435 1689 537 1716; x_wconf 86' lang='lat' dir='ltr'>nem</span> <span class='ocrx_word' id='word_1_181' title='bbox 578 1674 803 1715; x_wconf 87' lang='lat' dir='ltr'>hominem</span> <span class='ocrx_word' id='word_1_182' title='bbox 841 1687 970 1714; x_wconf 88' lang='lat' dir='ltr'>suum</span> <span class='ocrx_word' id='word_1_183' title='bbox 1006 1675 1047 1714; x_wconf 93' lang='lat' dir='ltr'>et</span> <span class='ocrx_word' id='word_1_184' title='bbox 1086 1673 1303 1726; x_wconf 77' lang='lat' dir='ltr'>quendam</span> <span class='ocrx_word' id='word_1_185' title='bbox 1340 1672 1579 1713; x_wconf 80' lang='lat' dir='ltr'>Ricardum</span> <span class='ocrx_word' id='word_1_186' title='bbox 1617 1672 1668 1713; x_wconf 89' lang='lat' dir='ltr'>de</span> <span class='ocrx_word' id='word_1_187' title='bbox 1702 1672 1890 1725; x_wconf 77' lang='lat' dir='ltr'>Aslacby</span> <span class='ocrx_word' id='word_1_188' title='bbox 1925 1670 1999 1724; x_wconf 90' lang='lat' dir='ltr'>qui</span> <span class='ocrx_word' id='word_1_189' title='bbox 2040 1669 2164 1710; x_wconf 90' lang='lat' dir='ltr'>missi</span> 
     </span>
     <span class='ocr_line' id='line_1_33' title="bbox 435 1740 2164 1796; baseline -0.003 -12"><span class='ocrx_word' id='word_1_190' title='bbox 435 1745 615 1785; x_wconf 81' lang='lat' dir='ltr'>fuerunt</span> <span class='ocrx_word' id='word_1_191' title='bbox 639 1743 755 1796; x_wconf 87' lang='lat' dir='ltr'>apud</span> <span class='ocrx_word' id='word_1_192' title='bbox 778 1743 1001 1784; x_wconf 80' lang='lat' dir='ltr'>Rokenha&#39;</span> <span class='ocrx_word' id='word_1_193' title='bbox 1027 1742 1082 1783; x_wconf 83' lang='lat' dir='ltr'>ad</span> <span class='ocrx_word' id='word_1_194' title='bbox 1104 1741 1485 1795; x_wconf 79' lang='lat' dir='ltr'>inprisonandum,</span> <span class='ocrx_word' id='word_1_195' title='bbox 1518 1742 1579 1782; x_wconf 86' lang='lat' dir='ltr'>Et</span> <span class='ocrx_word' id='word_1_196' title='bbox 1601 1742 1752 1795; x_wconf 84' lang='lat' dir='ltr'>postea</span> <span class='ocrx_word' id='word_1_197' title='bbox 1774 1741 1824 1781; x_wconf 81' lang='lat' dir='ltr'>R.</span> <span class='ocrx_word' id='word_1_198' title='bbox 1840 1740 2037 1788; x_wconf 82' lang='lat' dir='ltr'>Passel’,⁵</span> <span class='ocrx_word' id='word_1_199' title='bbox 2060 1742 2164 1779; x_wconf 90' lang='lat' dir='ltr'>tunc</span> 
     </span>
     <span class='ocr_line' id='line_1_34' title="bbox 436 1808 2165 1861; baseline -0.003 -7"><span class='ocrx_word' id='word_1_200' title='bbox 436 1812 705 1854; x_wconf 86' lang='lat' dir='ltr'>iusticiarius</span> <span class='ocrx_word' id='word_1_201' title='bbox 746 1813 919 1861; x_wconf 79' lang='lat' dir='ltr'>foreste,</span> <span class='ocrx_word' id='word_1_202' title='bbox 954 1811 1184 1852; x_wconf 86' lang='lat' dir='ltr'>mandauit</span> <span class='ocrx_word' id='word_1_203' title='bbox 1225 1811 1441 1853; x_wconf 76' lang='lat' dir='ltr'>willelmo</span> <span class='ocrx_word' id='word_1_204' title='bbox 1483 1811 1747 1859; x_wconf 69' lang='lat' dir='ltr'>Norhamff,6</span> <span class='ocrx_word' id='word_1_205' title='bbox 1781 1812 1886 1851; x_wconf 89' lang='lat' dir='ltr'>tunc</span> <span class='ocrx_word' id='word_1_206' title='bbox 1929 1808 2165 1850; x_wconf 62' lang='lat' dir='ltr'>senescallo</span> 
     </span>
     <span class='ocr_line' id='line_1_35' title="bbox 437 1879 2165 1935; baseline -0.002 -12"><span class='ocrx_word' id='word_1_207' title='bbox 437 1884 609 1931; x_wconf 77' lang='lat' dir='ltr'>foreste,</span> <span class='ocrx_word' id='word_1_208' title='bbox 629 1882 742 1935; x_wconf 89' lang='lat' dir='ltr'>quod</span> <span class='ocrx_word' id='word_1_209' title='bbox 766 1881 868 1935; x_wconf 86' lang='lat' dir='ltr'>quia</span> <span class='ocrx_word' id='word_1_210' title='bbox 892 1882 1056 1922; x_wconf 86' lang='lat' dir='ltr'>Alanus</span> <span class='ocrx_word' id='word_1_211' title='bbox 1080 1881 1131 1922; x_wconf 89' lang='lat' dir='ltr'>de</span> <span class='ocrx_word' id='word_1_212' title='bbox 1147 1880 1375 1923; x_wconf 81' lang='lat' dir='ltr'>Wassond&#39;</span> <span class='ocrx_word' id='word_1_213' title='bbox 1400 1883 1441 1921; x_wconf 89' lang='lat' dir='ltr'>et</span> <span class='ocrx_word' id='word_1_214' title='bbox 1466 1880 1656 1921; x_wconf 85' lang='lat' dir='ltr'>Thomas</span> <span class='ocrx_word' id='word_1_215' title='bbox 1680 1880 1731 1921; x_wconf 89' lang='lat' dir='ltr'>de</span> <span class='ocrx_word' id='word_1_216' title='bbox 1754 1879 1946 1933; x_wconf 78' lang='lat' dir='ltr'>Kirkeby</span> <span class='ocrx_word' id='word_1_217' title='bbox 1968 1880 2165 1920; x_wconf 81' lang='lat' dir='ltr'>fecerunt</span> 
     </span>
     <span class='ocr_line' id='line_1_36' title="bbox 438 1948 2165 2006; baseline -0.003 -13"><span class='ocrx_word' id='word_1_218' title='bbox 438 1953 584 2006; x_wconf 90' lang='lat' dir='ltr'>ipsum</span> <span class='ocrx_word' id='word_1_219' title='bbox 607 1965 810 1993; x_wconf 89' lang='lat' dir='ltr'>securum</span> <span class='ocrx_word' id='word_1_220' title='bbox 832 1951 1024 1992; x_wconf 87' lang='lat' dir='ltr'>habendi</span> <span class='ocrx_word' id='word_1_221' title='bbox 1057 1951 1194 1991; x_wconf 89' lang='lat' dir='ltr'>dictos</span> <span class='ocrx_word' id='word_1_222' title='bbox 1227 1950 1477 1998; x_wconf 79' lang='lat' dir='ltr'>Ricardum,</span> <span class='ocrx_word' id='word_1_223' title='bbox 1501 1949 1769 1990; x_wconf 87' lang='lat' dir='ltr'>Willelmum</span> <span class='ocrx_word' id='word_1_224' title='bbox 1803 1951 1844 1990; x_wconf 92' lang='lat' dir='ltr'>et</span> <span class='ocrx_word' id='word_1_225' title='bbox 1878 1948 1984 1990; x_wconf 87' lang='lat' dir='ltr'>alios</span> <span class='ocrx_word' id='word_1_226' title='bbox 2018 1961 2165 1989; x_wconf 90' lang='lat' dir='ltr'>coram</span> 
     </span>
     <span class='ocr_line' id='line_1_37' title="bbox 439 2017 2166 2074; baseline -0.003 -12"><span class='ocrx_word' id='word_1_227' title='bbox 439 2021 690 2063; x_wconf 89' lang='lat' dir='ltr'>iusticiariis</span> <span class='ocrx_word' id='word_1_228' title='bbox 713 2023 910 2074; x_wconf 72' lang='lat' dir='ltr'>proximo</span> <span class='ocrx_word' id='word_1_229' title='bbox 942 2020 1253 2061; x_wconf 73' lang='lat' dir='ltr'>itinerantibus</span> <span class='ocrx_word' id='word_1_230' title='bbox 1286 2019 1403 2072; x_wconf 82' lang='lat' dir='ltr'>apud</span> <span class='ocrx_word' id='word_1_231' title='bbox 1436 2019 1665 2060; x_wconf 83' lang='lat' dir='ltr'>Norhamt’</span> <span class='ocrx_word' id='word_1_232' title='bbox 1691 2019 1803 2071; x_wconf 89' lang='lat' dir='ltr'>quod</span> <span class='ocrx_word' id='word_1_233' title='bbox 1835 2017 1952 2071; x_wconf 69' lang='lat' dir='ltr'>ipsos</span> <span class='ocrx_word' id='word_1_234' title='bbox 1985 2017 2166 2057; x_wconf 88' lang='lat' dir='ltr'>deliber-</span> 
     </span>
     <span class='ocr_line' id='line_1_38' title="bbox 442 2086 2166 2142; baseline -0.003 -10"><span class='ocrx_word' id='word_1_235' title='bbox 442 2094 535 2132; x_wconf 85' lang='lat' dir='ltr'>aret</span> <span class='ocrx_word' id='word_1_236' title='bbox 559 2091 664 2132; x_wconf 90' lang='lat' dir='ltr'>dum</span> <span class='ocrx_word' id='word_1_237' title='bbox 686 2092 835 2132; x_wconf 88' lang='lat' dir='ltr'>tamen</span> <span class='ocrx_word' id='word_1_238' title='bbox 858 2104 947 2131; x_wconf 89' lang='lat' dir='ltr'>non</span> <span class='ocrx_word' id='word_1_239' title='bbox 971 2091 1116 2130; x_wconf 83' lang='lat' dir='ltr'>essent</span> <span class='ocrx_word' id='word_1_240' title='bbox 1149 2088 1265 2142; x_wconf 86' lang='lat' dir='ltr'>capti</span> <span class='ocrx_word' id='word_1_241' title='bbox 1288 2103 1387 2129; x_wconf 87' lang='lat' dir='ltr'>cum</span> <span class='ocrx_word' id='word_1_242' title='bbox 1410 2088 1659 2129; x_wconf 80' lang='lat' dir='ltr'>venacione.</span> <span class='ocrx_word' id='word_1_243' title='bbox 1721 2089 1783 2129; x_wconf 89' lang='lat' dir='ltr'>Et</span> <span class='ocrx_word' id='word_1_244' title='bbox 1815 2087 1920 2128; x_wconf 88' lang='lat' dir='ltr'>dicti</span> <span class='ocrx_word' id='word_1_245' title='bbox 1952 2086 2166 2128; x_wconf 84' lang='lat' dir='ltr'>Ricardus</span> 
     </span>
     <span class='ocr_line' id='line_1_39' title="bbox 441 2155 2166 2211; baseline -0.003 -10"><span class='ocrx_word' id='word_1_246' title='bbox 441 2163 482 2202; x_wconf 90' lang='lat' dir='ltr'>et</span> <span class='ocrx_word' id='word_1_247' title='bbox 507 2160 580 2201; x_wconf 86' lang='lat' dir='ltr'>alii</span> <span class='ocrx_word' id='word_1_248' title='bbox 606 2160 735 2201; x_wconf 89' lang='lat' dir='ltr'>modo</span> <span class='ocrx_word' id='word_1_249' title='bbox 757 2173 845 2200; x_wconf 92' lang='lat' dir='ltr'>non</span> <span class='ocrx_word' id='word_1_250' title='bbox 869 2159 1077 2207; x_wconf 75' lang='lat' dir='ltr'>veniunt;</span> <span class='ocrx_word' id='word_1_251' title='bbox 1115 2158 1210 2199; x_wconf 92' lang='lat' dir='ltr'>ideo</span> <span class='ocrx_word' id='word_1_252' title='bbox 1242 2159 1496 2211; x_wconf 84' lang='lat' dir='ltr'>preceptum</span> <span class='ocrx_word' id='word_1_253' title='bbox 1529 2160 1594 2198; x_wconf 93' lang='lat' dir='ltr'>est</span> <span class='ocrx_word' id='word_1_254' title='bbox 1617 2156 1860 2199; x_wconf 82' lang='lat' dir='ltr'>vicecomiti</span> <span class='ocrx_word' id='word_1_255' title='bbox 1883 2156 1996 2210; x_wconf 87' lang='lat' dir='ltr'>quod</span> <span class='ocrx_word' id='word_1_256' title='bbox 2019 2155 2166 2197; x_wconf 82' lang='lat' dir='ltr'>venire</span> 
     </span>
     <span class='ocr_line' id='line_1_40' title="bbox 441 2225 2166 2280; baseline -0.003 -10"><span class='ocrx_word' id='word_1_257' title='bbox 441 2229 573 2271; x_wconf 80' lang='lat' dir='ltr'>faciat</span> <span class='ocrx_word' id='word_1_258' title='bbox 596 2231 676 2270; x_wconf 88' lang='lat' dir='ltr'>etc.</span> <span class='ocrx_word' id='word_1_259' title='bbox 710 2228 761 2269; x_wconf 91' lang='lat' dir='ltr'>de</span> <span class='ocrx_word' id='word_1_260' title='bbox 794 2228 862 2269; x_wconf 86' lang='lat' dir='ltr'>die</span> <span class='ocrx_word' id='word_1_261' title='bbox 894 2227 939 2267; x_wconf 92' lang='lat' dir='ltr'>in</span> <span class='ocrx_word' id='word_1_262' title='bbox 973 2227 1086 2268; x_wconf 89' lang='lat' dir='ltr'>diem</span> <span class='ocrx_word' id='word_1_263' title='bbox 1109 2227 1353 2269; x_wconf 74' lang='lat' dir='ltr'>Walter-um</span> <span class='ocrx_word' id='word_1_264' title='bbox 1377 2226 1428 2267; x_wconf 90' lang='lat' dir='ltr'>de</span> <span class='ocrx_word' id='word_1_265' title='bbox 1452 2226 1581 2280; x_wconf 84' lang='lat' dir='ltr'>Grey.</span> <span class='ocrx_word' id='word_1_266' title='bbox 1644 2227 1704 2267; x_wconf 88' lang='lat' dir='ltr'>Et</span> <span class='ocrx_word' id='word_1_267' title='bbox 1737 2226 1850 2279; x_wconf 90' lang='lat' dir='ltr'>quod</span> <span class='ocrx_word' id='word_1_268' title='bbox 1882 2225 1973 2279; x_wconf 89' lang='lat' dir='ltr'>ipse</span> <span class='ocrx_word' id='word_1_269' title='bbox 2006 2225 2166 2266; x_wconf 81' lang='lat' dir='ltr'>habeat</span> 
     </span>
     <span class='ocr_line' id='line_1_41' title="bbox 440 2295 2168 2352; baseline -0.003 -12"><span class='ocrx_word' id='word_1_270' title='bbox 440 2301 520 2341; x_wconf 81' lang='grc'>616.</span> <span class='ocrx_word' id='word_1_271' title='bbox 544 2298 760 2352; x_wconf 86' lang='lat' dir='ltr'>predictos</span> <span class='ocrx_word' id='word_1_272' title='bbox 783 2299 825 2338; x_wconf 94' lang='lat' dir='ltr'>et</span> <span class='ocrx_word' id='word_1_273' title='bbox 849 2297 956 2338; x_wconf 80' lang='lat' dir='ltr'>alios</span> <span class='ocrx_word' id='word_1_274' title='bbox 989 2297 1041 2338; x_wconf 90' lang='lat' dir='ltr'>de</span> <span class='ocrx_word' id='word_1_275' title='bbox 1073 2298 1339 2350; x_wconf 78' lang='lat' dir='ltr'>manupasto</span> <span class='ocrx_word' id='word_1_276' title='bbox 1373 2310 1451 2337; x_wconf 89' lang='lat' dir='ltr'>suo</span> <span class='ocrx_word' id='word_1_277' title='bbox 1483 2298 1563 2337; x_wconf 91' lang='lat' dir='ltr'>etc.</span> <span class='ocrx_word' id='word_1_278' title='bbox 1627 2296 1785 2337; x_wconf 80' lang='lat' dir='ltr'>Postea</span> <span class='ocrx_word' id='word_1_279' title='bbox 1808 2295 1927 2337; x_wconf 88' lang='lat' dir='ltr'>venit</span> <span class='ocrx_word' id='word_1_280' title='bbox 1948 2295 2168 2336; x_wconf 83' lang='lat' dir='ltr'>Walterus</span> 
     </span>
     <span class='ocr_line' id='line_1_42' title="bbox 442 2364 2169 2422; baseline -0.004 -12"><span class='ocrx_word' id='word_1_281' title='bbox 442 2369 494 2409; x_wconf 88' lang='lat' dir='ltr'>de</span> <span class='ocrx_word' id='word_1_282' title='bbox 510 2368 626 2422; x_wconf 77' lang='lat' dir='ltr'>Grey</span> <span class='ocrx_word' id='word_1_283' title='bbox 644 2370 685 2409; x_wconf 92' lang='lat' dir='ltr'>et</span> <span class='ocrx_word' id='word_1_284' title='bbox 701 2366 915 2408; x_wconf 86' lang='lat' dir='ltr'>Ricardus</span> <span class='ocrx_word' id='word_1_285' title='bbox 934 2366 984 2407; x_wconf 91' lang='lat' dir='ltr'>de</span> <span class='ocrx_word' id='word_1_286' title='bbox 1003 2365 1246 2419; x_wconf 72' lang='lat' dir='ltr'>Aselakeby</span> <span class='ocrx_word' id='word_1_287' title='bbox 1260 2365 1441 2406; x_wconf 88' lang='lat' dir='ltr'>clericus</span> <span class='ocrx_word' id='word_1_288' title='bbox 1464 2364 1510 2406; x_wconf 89' lang='lat' dir='ltr'>in</span> <span class='ocrx_word' id='word_1_289' title='bbox 1532 2365 1724 2406; x_wconf 87' lang='lat' dir='ltr'>crastino</span> <span class='ocrx_word' id='word_1_290' title='bbox 1739 2364 1754 2388; x_wconf 87' lang='lat'>⁷</span> <span class='ocrx_word' id='word_1_291' title='bbox 1777 2365 1918 2407; x_wconf 87' lang='lat' dir='ltr'>sancti</span> <span class='ocrx_word' id='word_1_292' title='bbox 1941 2364 2169 2405; x_wconf 86' lang='lat' dir='ltr'>Michaelis</span> 
     </span>
     <span class='ocr_line' id='line_1_43' title="bbox 442 2433 2169 2489; baseline -0.003 -10"><span class='ocrx_word' id='word_1_293' title='bbox 442 2440 484 2479; x_wconf 92' lang='lat' dir='ltr'>et</span> <span class='ocrx_word' id='word_1_294' title='bbox 508 2437 673 2478; x_wconf 89' lang='lat' dir='ltr'>detenti</span> <span class='ocrx_word' id='word_1_295' title='bbox 696 2439 799 2477; x_wconf 87' lang='lat' dir='ltr'>sunt</span> <span class='ocrx_word' id='word_1_296' title='bbox 822 2436 867 2476; x_wconf 88' lang='lat' dir='ltr'>in</span> <span class='ocrx_word' id='word_1_297' title='bbox 890 2435 1083 2489; x_wconf 88' lang='lat' dir='ltr'>prisona.</span> <span class='ocrx_word' id='word_1_298' title='bbox 1147 2435 1305 2476; x_wconf 84' lang='lat' dir='ltr'>Postea</span> <span class='ocrx_word' id='word_1_299' title='bbox 1328 2434 1469 2475; x_wconf 84' lang='lat' dir='ltr'>dictus</span> <span class='ocrx_word' id='word_1_300' title='bbox 1492 2435 1712 2477; x_wconf 86' lang='lat' dir='ltr'>Walterus</span> <span class='ocrx_word' id='word_1_301' title='bbox 1734 2433 1867 2475; x_wconf 89' lang='lat' dir='ltr'>finem</span> <span class='ocrx_word' id='word_1_302' title='bbox 1890 2433 1991 2475; x_wconf 74' lang='lat' dir='ltr'>fecit</span> <span class='ocrx_word' id='word_1_303' title='bbox 2024 2446 2102 2486; x_wconf 90' lang='lat' dir='ltr'>pro</span> <span class='ocrx_word' id='word_1_304' title='bbox 2125 2446 2169 2473; x_wconf 91' lang='lat' dir='ltr'>se</span> 
     </span>
     <span class='ocr_line' id='line_1_44' title="bbox 443 2503 2170 2560; baseline -0.003 -11"><span class='ocrx_word' id='word_1_305' title='bbox 443 2510 484 2549; x_wconf 93' lang='lat' dir='ltr'>et</span> <span class='ocrx_word' id='word_1_306' title='bbox 507 2521 585 2560; x_wconf 89' lang='lat' dir='ltr'>pro</span> <span class='ocrx_word' id='word_1_307' title='bbox 607 2506 859 2548; x_wconf 86' lang='lat' dir='ltr'>hominibus</span> <span class='ocrx_word' id='word_1_308' title='bbox 884 2505 973 2546; x_wconf 87' lang='lat' dir='ltr'>suis</span> <span class='ocrx_word' id='word_1_309' title='bbox 995 2519 1070 2558; x_wconf 88' lang='lat' dir='ltr'>per</span> <span class='ocrx_word' id='word_1_310' title='bbox 1093 2504 1277 2558; x_wconf 80' lang='lat' dir='ltr'>triginta</span> <span class='ocrx_word' id='word_1_311' title='bbox 1299 2518 1471 2546; x_wconf 87' lang='lat' dir='ltr'>marcas</span> <span class='ocrx_word' id='word_1_312' title='bbox 1493 2518 1570 2558; x_wconf 89' lang='lat' dir='ltr'>per</span> <span class='ocrx_word' id='word_1_313' title='bbox 1591 2504 1783 2558; x_wconf 85' lang='lat' dir='ltr'>plegium</span> <span class='ocrx_word' id='word_1_314' title='bbox 1815 2503 1992 2545; x_wconf 87' lang='lat' dir='ltr'>Ricardi</span> <span class='ocrx_word' id='word_1_315' title='bbox 2014 2503 2170 2544; x_wconf 86' lang='lat' dir='ltr'>Basset</span> 
     </span>
     <span class='ocr_line' id='line_1_45' title="bbox 445 2574 1001 2618; baseline -0.007 0"><span class='ocrx_word' id='word_1_316' title='bbox 445 2579 486 2618; x_wconf 91' lang='lat' dir='ltr'>et</span> <span class='ocrx_word' id='word_1_317' title='bbox 509 2575 691 2617; x_wconf 91' lang='lat' dir='ltr'>Henrici</span> <span class='ocrx_word' id='word_1_318' title='bbox 714 2575 765 2616; x_wconf 93' lang='lat' dir='ltr'>de</span> <span class='ocrx_word' id='word_1_319' title='bbox 788 2575 830 2616; x_wconf 89' lang='grc'>16</span> <span class='ocrx_word' id='word_1_320' title='bbox 851 2574 1001 2616; x_wconf 84' lang='lat' dir='ltr'>Wade.</span> 
     </span>
    </p>

    <p class='ocr_par' dir='ltr' id='par_1_11' title="bbox 444 2642 2172 2838">
     <span class='ocr_line' id='line_1_46' title="bbox 533 2642 2170 2696; baseline -0.002 -11"><span class='ocrx_word' id='word_1_321' title='bbox 533 2646 547 2668; x_wconf 72' lang='lat' dir='ltr'>s</span> <span class='ocrx_word' id='word_1_322' title='bbox 563 2646 871 2686; x_wconf 84' lang='lat' dir='ltr'>Presentatum</span> <span class='ocrx_word' id='word_1_323' title='bbox 895 2646 959 2684; x_wconf 91' lang='lat' dir='ltr'>est</span> <span class='ocrx_word' id='word_1_324' title='bbox 982 2645 1024 2684; x_wconf 90' lang='lat' dir='ltr'>et</span> <span class='ocrx_word' id='word_1_325' title='bbox 1048 2643 1297 2684; x_wconf 79' lang='lat' dir='ltr'>convictum</span> <span class='ocrx_word' id='word_1_326' title='bbox 1320 2657 1395 2696; x_wconf 88' lang='lat' dir='ltr'>per</span> <span class='ocrx_word' id='word_1_327' title='bbox 1415 2643 1589 2684; x_wconf 86' lang='lat' dir='ltr'>eosdem</span> <span class='ocrx_word' id='word_1_328' title='bbox 1608 2642 1721 2696; x_wconf 88' lang='lat' dir='ltr'>quod</span> <span class='ocrx_word' id='word_1_329' title='bbox 1745 2642 1812 2683; x_wconf 91' lang='lat' dir='ltr'>die</span> <span class='ocrx_word' id='word_1_330' title='bbox 1827 2643 1841 2665; x_wconf 75' lang='lat'>‘³</span> <span class='ocrx_word' id='word_1_331' title='bbox 1865 2642 2030 2683; x_wconf 88' lang='lat' dir='ltr'>Pasche</span> <span class='ocrx_word' id='word_1_332' title='bbox 2053 2655 2170 2682; x_wconf 90' lang='lat' dir='ltr'>anno</span> 
     </span>
     <span class='ocr_line' id='line_1_47' title="bbox 444 2711 2170 2766; baseline -0.002 -11"><span class='ocrx_word' id='word_1_333' title='bbox 444 2714 664 2756; x_wconf 90' lang='lat' dir='ltr'>tricesimo</span> <span class='ocrx_word' id='word_1_334' title='bbox 697 2713 830 2755; x_wconf 89' lang='lat' dir='ltr'>tercio</span> <span class='ocrx_word' id='word_1_335' title='bbox 866 2712 1028 2766; x_wconf 63' lang='lat' dir='ltr'>Symon</span> <span class='ocrx_word' id='word_1_336' title='bbox 1061 2713 1112 2753; x_wconf 91' lang='lat' dir='ltr'>de</span> <span class='ocrx_word' id='word_1_337' title='bbox 1146 2713 1369 2761; x_wconf 81' lang='lat' dir='ltr'>Ouerton‘,</span> <span class='ocrx_word' id='word_1_338' title='bbox 1393 2726 1580 2765; x_wconf 88' lang='lat' dir='ltr'>persona</span> <span class='ocrx_word' id='word_1_339' title='bbox 1613 2713 1664 2753; x_wconf 91' lang='lat' dir='ltr'>de</span> <span class='ocrx_word' id='word_1_340' title='bbox 1686 2712 1874 2761; x_wconf 85' lang='lat' dir='ltr'>Wauld’,</span> <span class='ocrx_word' id='word_1_341' title='bbox 1898 2711 2011 2764; x_wconf 87' lang='lat' dir='ltr'>cepit</span> <span class='ocrx_word' id='word_1_342' title='bbox 2034 2724 2170 2752; x_wconf 84' lang='lat' dir='ltr'>vnum</span> 
     </span>
     <span class='ocr_line' id='line_1_48' title="bbox 445 2781 2172 2838; baseline -0.003 -12"><span class='ocrx_word' id='word_1_343' title='bbox 445 2784 702 2838; x_wconf 89' lang='lat' dir='ltr'>capriolum.</span> <span class='ocrx_word' id='word_1_344' title='bbox 764 2783 824 2823; x_wconf 89' lang='lat' dir='ltr'>Et</span> <span class='ocrx_word' id='word_1_345' title='bbox 863 2781 1004 2823; x_wconf 90' lang='lat' dir='ltr'>dictus</span> <span class='ocrx_word' id='word_1_346' title='bbox 1037 2782 1201 2835; x_wconf 77' lang='lat' dir='ltr'>Symon</span> <span class='ocrx_word' id='word_1_347' title='bbox 1228 2782 1356 2822; x_wconf 91' lang='lat' dir='ltr'>modo</span> <span class='ocrx_word' id='word_1_348' title='bbox 1388 2795 1476 2822; x_wconf 91' lang='lat' dir='ltr'>non</span> <span class='ocrx_word' id='word_1_349' title='bbox 1505 2781 1649 2831; x_wconf 75' lang='lat' dir='ltr'>venit3</span> <span class='ocrx_word' id='word_1_350' title='bbox 1685 2781 1780 2822; x_wconf 89' lang='lat' dir='ltr'>ideo</span> <span class='ocrx_word' id='word_1_351' title='bbox 1812 2781 2073 2822; x_wconf 88' lang='lat' dir='ltr'>mandatum</span> <span class='ocrx_word' id='word_1_352' title='bbox 2106 2782 2172 2821; x_wconf 90' lang='lat' dir='ltr'>est</span> 
     </span>
    </p>
   </div>
   <div class='ocr_carea' id='block_1_9' title="bbox 447 2878 2172 3098">
    <p class='ocr_par' dir='ltr' id='par_1_12' title="bbox 491 2878 2172 2924">
     <span class='ocr_line' id='line_1_49' title="bbox 491 2878 2172 2924; baseline -0.003 -10"><span class='ocrx_word' id='word_1_353' title='bbox 491 2885 499 2902; x_wconf 88' lang='lat'>¹</span> <span class='ocrx_word' id='word_1_354' title='bbox 528 2884 590 2915; x_wconf 87' lang='lat' dir='ltr'>See</span> <span class='ocrx_word' id='word_1_355' title='bbox 607 2893 637 2922; x_wconf 91' lang='lat' dir='ltr'>p.</span> <span class='ocrx_word' id='word_1_356' title='bbox 657 2883 708 2914; x_wconf 82' lang='lat'>87.</span> <span class='ocrx_word' id='word_1_357' title='bbox 866 2882 878 2899; x_wconf 81' lang='lat'><strong>²</strong></span> <span class='ocrx_word' id='word_1_358' title='bbox 902 2883 942 2912; x_wconf 83' lang='lat'>31</span> <span class='ocrx_word' id='word_1_359' title='bbox 961 2882 1114 2921; x_wconf 67' lang='lat' dir='ltr'>Jffliuar)v</span> <span class='ocrx_word' id='word_1_360' title='bbox 1133 2881 1228 2924; x_wconf 60' lang='lat'>1243.</span> <span class='ocrx_word' id='word_1_361' title='bbox 1342 2891 1410 2912; x_wconf 78' lang='lat' dir='ltr'>was</span> <span class='ocrx_word' id='word_1_362' title='bbox 1426 2881 1568 2911; x_wconf 76' lang='lat' dir='ltr'>himself</span> <span class='ocrx_word' id='word_1_363' title='bbox 1584 2880 1693 2912; x_wconf 82' lang='lat' dir='ltr'>bailiff</span> <span class='ocrx_word' id='word_1_364' title='bbox 1717 2890 1753 2911; x_wconf 85' lang='lat' dir='ltr'>or</span> <span class='ocrx_word' id='word_1_365' title='bbox 1769 2879 1915 2911; x_wconf 83' lang='lat' dir='ltr'>steward</span> <span class='ocrx_word' id='word_1_366' title='bbox 1932 2880 1966 2910; x_wconf 83' lang='lat' dir='ltr'>of</span> <span class='ocrx_word' id='word_1_367' title='bbox 1990 2878 2049 2910; x_wconf 85' lang='lat' dir='ltr'>the</span> <span class='ocrx_word' id='word_1_368' title='bbox 2067 2879 2172 2910; x_wconf 84' lang='lat' dir='ltr'>forest</span> 
     </span>
    </p>

    <p class='ocr_par' dir='ltr' id='par_1_13' title="bbox 491 2925 1576 2966">
     <span class='ocr_line' id='line_1_50' title="bbox 491 2925 1576 2966; baseline -0.004 -7"><span class='ocrx_word' id='word_1_369' title='bbox 491 2930 502 2946; x_wconf 85' lang='lat'><strong>³</strong></span> <span class='ocrx_word' id='word_1_370' title='bbox 528 2928 589 2959; x_wconf 85' lang='lat' dir='ltr'>See</span> <span class='ocrx_word' id='word_1_371' title='bbox 606 2937 639 2966; x_wconf 86' lang='lat' dir='ltr'>p.</span> <span class='ocrx_word' id='word_1_372' title='bbox 657 2928 708 2958; x_wconf 77' lang='lat'>87.</span> <span class='ocrx_word' id='word_1_373' title='bbox 1343 2930 1376 2956; x_wconf 85' lang='lat' dir='ltr'>at</span> <span class='ocrx_word' id='word_1_374' title='bbox 1395 2925 1465 2956; x_wconf 81' lang='lat' dir='ltr'>this</span> <span class='ocrx_word' id='word_1_375' title='bbox 1482 2925 1576 2955; x_wconf 85' lang='lat' dir='ltr'>time.</span> 
     </span>
    </p>

    <p class='ocr_par' dir='ltr' id='par_1_14' title="bbox 447 2966 2171 3089">
     <span class='ocr_line' id='line_1_51' title="bbox 492 2966 2171 3010; baseline -0.002 -9"><span class='ocrx_word' id='word_1_376' title='bbox 492 2973 502 2989; x_wconf 75' lang='lat'>⁴</span> <span class='ocrx_word' id='word_1_377' title='bbox 527 2973 545 3002; x_wconf 88' lang='lat'>5</span> <span class='ocrx_word' id='word_1_378' title='bbox 564 2971 659 3010; x_wconf 83' lang='lat' dir='ltr'>April</span> <span class='ocrx_word' id='word_1_379' title='bbox 678 2971 761 3000; x_wconf 75' lang='lat'>1248</span> <span class='ocrx_word' id='word_1_380' title='bbox 776 2980 783 3006; x_wconf 81' lang='lat'><em>3</em></span> <span class='ocrx_word' id='word_1_381' title='bbox 809 2969 869 3000; x_wconf 85' lang='lat' dir='ltr'>but</span> <span class='ocrx_word' id='word_1_382' title='bbox 886 2969 944 2999; x_wconf 85' lang='lat' dir='ltr'>the</span> <span class='ocrx_word' id='word_1_383' title='bbox 962 2969 1035 2999; x_wconf 80' lang='lat' dir='ltr'>first</span> <span class='ocrx_word' id='word_1_384' title='bbox 1053 2968 1272 2999; x_wconf 77' lang='lat' dir='ltr'>‘Dominica&#39;</span> <span class='ocrx_word' id='word_1_385' title='bbox 1388 2970 1397 2984; x_wconf 85' lang='lat'>⁷</span> <span class='ocrx_word' id='word_1_386' title='bbox 1423 2969 1476 2999; x_wconf 85' lang='lat' dir='ltr'>On</span> <span class='ocrx_word' id='word_1_387' title='bbox 1493 2968 1563 2999; x_wconf 85' lang='lat' dir='ltr'>this</span> <span class='ocrx_word' id='word_1_388' title='bbox 1581 2968 1647 3008; x_wconf 85' lang='lat' dir='ltr'>day</span> <span class='ocrx_word' id='word_1_389' title='bbox 1664 2968 1722 2999; x_wconf 86' lang='lat' dir='ltr'>the</span> <span class='ocrx_word' id='word_1_390' title='bbox 1739 2968 1882 3007; x_wconf 83' lang='lat' dir='ltr'>justices</span> <span class='ocrx_word' id='word_1_391' title='bbox 1899 2977 1984 2997; x_wconf 85' lang='lat' dir='ltr'>were</span> <span class='ocrx_word' id='word_1_392' title='bbox 1998 2966 2119 3005; x_wconf 79' lang='lat' dir='ltr'>sitting</span> <span class='ocrx_word' id='word_1_393' title='bbox 2136 2968 2171 2996; x_wconf 81' lang='lat' dir='ltr'>to</span> 
     </span>
     <span class='ocr_line' id='line_1_52' title="bbox 447 3009 2170 3089; baseline -0.004 -43"><span class='ocrx_word' id='word_1_394' title='bbox 447 3017 476 3047; x_wconf 86' lang='lat' dir='ltr'>is</span> <span class='ocrx_word' id='word_1_395' title='bbox 492 3014 805 3089; x_wconf 52' lang='lat' dir='ltr'>prgbablygwpittetn</span> <span class='ocrx_word' id='word_1_396' title='bbox 821 3013 856 3086; x_wconf 70' lang='lat' dir='ltr'>i2n</span> <span class='ocrx_word' id='word_1_397' title='bbox 875 3023 966 3044; x_wconf 84' lang='lat' dir='ltr'>error</span> <span class='ocrx_word' id='word_1_398' title='bbox 983 3013 1034 3043; x_wconf 81' lang='lat' dir='ltr'>for</span> <span class='ocrx_word' id='word_1_399' title='bbox 1052 3017 1058 3028; x_wconf 75' lang='lat'><strong>⁴</strong></span> <span class='ocrx_word' id='word_1_400' title='bbox 1074 3013 1235 3043; x_wconf 61' lang='lat' dir='ltr'>Sabbati)</span> <span class='ocrx_word' id='word_1_401' title='bbox 1342 3012 1426 3043; x_wconf 84' lang='lat' dir='ltr'>hear</span> <span class='ocrx_word' id='word_1_402' title='bbox 1443 3012 1702 3086; x_wconf 41' lang='lat' dir='ltr'>plesfsffielatling</span> <span class='ocrx_word' id='word_1_403' title='bbox 1726 3015 1760 3086; x_wconf 64' lang='lat' dir='ltr'>tp</span> <span class='ocrx_word' id='word_1_404' title='bbox 1779 3012 1881 3086; x_wconf 53' lang='lat' dir='ltr'>otheg</span> <span class='ocrx_word' id='word_1_405' title='bbox 1901 3011 2025 3084; x_wconf 48' lang='lat' dir='ltr'>forgsts</span> <span class='ocrx_word' id='word_1_406' title='bbox 2051 3009 2170 3084; x_wconf 56' lang='lat' dir='ltr'>itnPthe</span> 
     </span>
    </p>

    <p class='ocr_par' dir='ltr' id='par_1_15' title="bbox 492 3059 2170 3098">
     <span class='ocr_line' id='line_1_53' title="bbox 492 3059 2170 3098; baseline -0.002 -10"><span class='ocrx_word' id='word_1_407' title='bbox 492 3062 503 3077; x_wconf 87' lang='lat'>⁵</span> <span class='ocrx_word' id='word_1_408' title='bbox 531 3060 591 3090; x_wconf 53' lang='lat' dir='ltr'>See</span> <span class='ocrx_word' id='word_1_409' title='bbox 609 3069 640 3098; x_wconf 89' lang='lat' dir='ltr'>p.</span> <span class='ocrx_word' id='word_1_410' title='bbox 659 3062 665 3072; x_wconf 70' lang='lat'><strong>⁴</strong></span> <span class='ocrx_word' id='word_1_411' title='bbox 682 3064 711 3094; x_wconf 58' lang='lat'>2,</span> <span class='ocrx_word' id='word_1_412' title='bbox 730 3068 773 3087; x_wconf 91' lang='lat' dir='ltr'>no</span> <span class='ocrx_word' id='word_1_413' title='bbox 792 3067 809 3087; x_wconf 88' lang='grc'>6</span> <span class='ocrx_word' id='word_1_414' title='bbox 827 3062 833 3071; x_wconf 81' lang='grc'><em>·</em></span> <span class='ocrx_word' id='word_1_415' title='bbox 850 3081 855 3086; x_wconf 95' lang='grc'>.</span> <span class='ocrx_word' id='word_1_416' title='bbox 1343 3060 1469 3096; x_wconf 81' lang='lat' dir='ltr'>county</span> <span class='ocrx_word' id='word_1_417' title='bbox 1487 3066 1505 3087; x_wconf 94' lang='grc' dir='ltr'>ο</span> <span class='ocrx_word' id='word_1_418' title='bbox 1578 3059 1629 3086; x_wconf 84' lang='grc'>011</span> <span class='ocrx_word' id='word_1_419' title='bbox 1644 3066 1738 3095; x_wconf 78' lang='lat' dir='ltr'>lamp</span> <span class='ocrx_word' id='word_1_420' title='bbox 1757 3066 1811 3086; x_wconf 88' lang='lat' dir='ltr'>on.</span> <span class='ocrx_word' id='word_1_421' title='bbox 1885 3065 1922 3085; x_wconf 92' lang='grc'>66</span> <span class='ocrx_word' id='word_1_422' title='bbox 1976 3064 2047 3085; x_wconf 74' lang='lat' dir='ltr'>ores</span> <span class='ocrx_word' id='word_1_423' title='bbox 2120 3063 2170 3084; x_wconf 80' lang='lat' dir='ltr'>ro-</span> 
     </span>
    </p>
   </div>
   <div class='ocr_carea' id='block_1_10' title="bbox 449 3098 2068 3186">
    <p class='ocr_par' dir='ltr' id='par_1_16' title="bbox 449 3098 2068 3186">
     <span class='ocr_line' id='line_1_54' title="bbox 493 3098 2068 3140; baseline -0.004 -7"><span class='ocrx_word' id='word_1_424' title='bbox 493 3104 505 3121; x_wconf 77' lang='lat'><strong>⁶</strong></span> <span class='ocrx_word' id='word_1_425' title='bbox 527 3103 681 3133; x_wconf 72' lang='lat' dir='ltr'>william</span> <span class='ocrx_word' id='word_1_426' title='bbox 714 3102 748 3132; x_wconf 81' lang='lat' dir='ltr'>of</span> <span class='ocrx_word' id='word_1_427' title='bbox 781 3100 1036 3139; x_wconf 76' lang='lat' dir='ltr'>Northampton</span> <span class='ocrx_word' id='word_1_428' title='bbox 1061 3102 1153 3130; x_wconf 87' lang='lat' dir='ltr'>must</span> <span class='ocrx_word' id='word_1_429' title='bbox 1186 3099 1274 3130; x_wconf 83' lang='lat' dir='ltr'>have</span> <span class='ocrx_word' id='word_1_430' title='bbox 1343 3100 1507 3139; x_wconf 73' lang='lat' dir='ltr'>ceedinqs,</span> <span class='ocrx_word' id='word_1_431' title='bbox 1528 3100 1699 3140; x_wconf 73' lang='lat' dir='ltr'>Treasztry</span> <span class='ocrx_word' id='word_1_432' title='bbox 1716 3100 1753 3140; x_wconf 86' lang='lat' dir='ltr'>of</span> <span class='ocrx_word' id='word_1_433' title='bbox 1767 3099 1916 3138; x_wconf 58' lang='lat' dir='ltr'>Receth,</span> <span class='ocrx_word' id='word_1_434' title='bbox 1936 3098 1997 3128; x_wconf 88' lang='lat' dir='ltr'>No.</span> <span class='ocrx_word' id='word_1_435' title='bbox 2017 3099 2068 3129; x_wconf 88' lang='lat'>70.</span> 
     </span>
     <span class='ocr_line' id='line_1_55' title="bbox 449 3141 2045 3186; baseline -0.004 -8"><span class='ocrx_word' id='word_1_436' title='bbox 449 3147 533 3178; x_wconf 86' lang='lat' dir='ltr'>been</span> <span class='ocrx_word' id='word_1_437' title='bbox 566 3146 691 3186; x_wconf 61' lang='grc' dir='ltr'>(1611111)Υ</span> <span class='ocrx_word' id='word_1_438' title='bbox 725 3144 878 3176; x_wconf 75' lang='lat' dir='ltr'>steward.</span> <span class='ocrx_word' id='word_1_439' title='bbox 926 3144 1050 3174; x_wconf 81' lang='lat' dir='ltr'>Robert</span> <span class='ocrx_word' id='word_1_440' title='bbox 1090 3143 1275 3174; x_wconf 79' lang='lat' dir='ltr'>Passelewe</span> <span class='ocrx_word' id='word_1_441' title='bbox 1390 3148 1401 3162; x_wconf 65' lang='lat'><strong>⁸</strong></span> <span class='ocrx_word' id='word_1_442' title='bbox 1427 3145 1488 3174; x_wconf 86' lang='grc'>866</span> <span class='ocrx_word' id='word_1_443' title='bbox 1506 3153 1536 3182; x_wconf 85' lang='lat' dir='ltr'>p.</span> <span class='ocrx_word' id='word_1_444' title='bbox 1555 3145 1606 3174; x_wconf 74' lang='lat'>89.</span> <span class='ocrx_word' id='word_1_445' title='bbox 1765 3144 1775 3160; x_wconf 77' lang='lat'>⁹</span> <span class='ocrx_word' id='word_1_446' title='bbox 1800 3144 1819 3172; x_wconf 93' lang='lat'>4</span> <span class='ocrx_word' id='word_1_447' title='bbox 1837 3141 1932 3181; x_wconf 87' lang='lat' dir='ltr'>April</span> <span class='ocrx_word' id='word_1_448' title='bbox 1952 3142 2045 3172; x_wconf 78' lang='lat'>1249.</span> 
     </span>
    </p>
   </div>
  </div>
 </body>
</html>
