2421 3529
297 498 339 530 iiij
355 505 456 524 marce.

301 777 356 794 11011
373 770 441 794 fec-if¹

301 804 384 828 finem
398 804 499 828 adhuc.

299 1330 422 1360 pris-ona.

299 1380 417 1404 dimidia

298 1421 402 1438 marca.

299 2100 376 2131 apud

302 2134 442 2166 Wyntou'.

299 2513 440 2541 eximitur.

300 2586 413 2610 pauper.

301 2718 477 2742 condonatur

299 2758 347 2782 pro
361 2758 434 2781 rege.

300 2802 422 2832 prisona.

533 297 592 343 58
787 309 1099 345 SELECTIONS
1134 309 1273 344 1ἿῖοΜ
1309 310 1411 344 THE
1447 310 1638 345 FOREST
1672 310 1812 345 EYRE
1848 311 2008 345 ROLLS

533 420 675 462 dictus
699 421 923 464 Galfridus
947 426 1002 472 et,
1029 437 1157 476 super
1179 423 1260 464 hoc
1294 423 1535 473 conuictus,
1561 424 1765 465 detentus
1788 426 1852 466 est
1874 423 1920 465 in
1942 423 2134 478 prisona.
2196 422 2257 463 Et

532 490 753 544 predictus
773 491 1010 541 Galfridus,
1027 492 1208 533 eductus
1232 492 1283 533 de
1305 492 1497 545 prisona,
1513 493 1647 535 finem
1662 493 1763 534 fecit
1777 507 1853 547 per
1876 496 2064 547 quatuor
2086 505 2258 533 marcas

532 573 608 613 per
630 559 853 613 pleuinam
882 560 1061 602 Roberti
1094 561 1145 601 de
1179 561 1332 615 Regny
1354 563 1396 602 et
1434 561 1645 603 Iohannis
1676 562 1715 603 le
1748 562 1976 616 Garskeyn
1999 565 2090 603 tam
2112 574 2190 614 pro
2214 573 2258 601 se

533 643 665 682 quam
712 643 790 682 pro
833 629 1039 682 predictis
1077 630 1303 683 Stephano
1341 632 1383 671 et
1421 630 1590 672 Thoma
1627 630 1700 684 qui
1735 633 1839 672 sunt
1877 631 1928 671 de
1964 630 2132 672 familia
2163 642 2257 670 sua.

534 698 690 740 Postea
713 698 831 739 venit
853 699 1076 752 predictus
1098 700 1318 740 Walterus
1335 714 1344 748 ;
1370 702 1425 749 et,
1451 714 1580 753 super
1601 700 1683 741 hoc
1706 700 1947 749 conuictus,
1967 700 2170 741 detentus
2193 701 2258 740 est

533 767 579 807 in
601 767 777 820 prisona
795 783 804 816 ;
839 772 879 808 et
898 768 1157 809 commissus
1179 782 1255 822 per
1277 768 1458 809 ballium
1482 769 1671 810 Roberto
1693 769 1732 810 le
1754 769 1917 810 Parker
1943 782 2073 822 vsque
2096 768 2257 810 aduen-

534 839 630 879 tum
652 837 995 878 iusticiariorum
1018 838 1073 878 ad
1096 851 1247 891 pacem
1271 851 1395 878 suam
1418 837 1679 879 faciendam.

624 907 932 948 Presentatum
965 909 1029 948 est
1062 910 1103 948 et
1139 907 1390 948 conuictum
1421 909 1502 948 etc.
1541 907 1655 961 quod
1689 907 1910 949 Iohannes
1936 907 2053 948 filius
2075 906 2260 948 Albrede

535 976 609 1030 qui
632 976 713 1017 fuit
747 977 971 1029 parcarius
1009 977 1089 1017 sub
1123 977 1316 1029 predicto
1351 977 1660 1018 Bartholomeo
1686 977 1799 1030 cepit
1835 977 1881 1018 in
1904 990 2034 1030 parco
2067 976 2262 1029 predicto

537 1046 629 1087 die¹
655 1045 773 1087 Iouis
795 1045 994 1099 proxima
1025 1048 1128 1087 ante
1157 1046 1318 1088 festum
1352 1046 1675 1088 Translacionis
1708 1046 1849 1088 sancti
1879 1046 2044 1087 Thome
2066 1044 2264 1086 Martii·is

536 1128 652 1156 anno
675 1115 1011 1168 quadragesimo
1034 1117 1190 1156 octauo
1214 1129 1350 1156 vnum
1374 1115 1554 1156 damum
1587 1115 1680 1156 sine
1702 1123 1894 1157 warento
1917 1118 1959 1157 et
1982 1114 2264 1156 venacionem

533 1184 655 1224 illam
697 1184 941 1237 asportauit
974 1184 1028 1225 ad
1070 1184 1315 1238 hospicium
1359 1199 1488 1225 suum
1530 1184 1576 1225 in
1620 1185 1887 1227 Guldeford'.
1949 1184 2010 1225 Et
2041 1183 2264 1237 predictus

533 1252 754 1293 Iohannes
776 1253 922 1302 venit3
953 1256 1008 1302 et,
1034 1267 1163 1306 super
1186 1253 1267 1294 hoc
1290 1253 1533 1303 conuictus,
1558 1254 1762 1295 detentus
1785 1257 1850 1296 est
1872 1254 1918 1294 in
1949 1253 2140 1307 prisona.
2201 1251 2263 1293 Et

532 1321 754 1375 predictus
776 1322 1011 1372 IohanneS,
1036 1322 1219 1363 eductus
1242 1337 1267 1364 a
1288 1322 1481 1376 prisona,
1506 1322 1639 1364 finem
1663 1323 1764 1364 fecit
1785 1337 1861 1376 per
1884 1322 2112 1364 dimidiam
2143 1335 2259 1363 mar-

532 1405 628 1433 cam
652 1406 730 1445 pro
762 1392 845 1433 hac
878 1393 1228 1445 transgressione
1261 1395 1302 1434 et
1337 1393 1542 1434 omnibus
1577 1393 1675 1434 aliis
1712 1392 2135 1446 transgressionibus
2159 1391 2261 1445 quia

530 1460 815 1515 pauperimus
837 1475 912 1515 per
934 1461 1159 1515 1110111113111
1183 1461 1396 1503 Iohannis
1419 1462 1471 1503 de
1494 1462 1699 1504 Garston'
1723 1465 1765 1504 et
1788 1462 1988 1504 Nicholai
2011 1462 2079 1503 del
2101 1460 2230 1503 Park.

619 1532 929 1573 Presentatum
952 1534 1017 1573 est
1032 1535 1111 1574 etc.
1128 1533 1242 1586 quod
1266 1533 1487 1574 Iohannes
1506 1533 1641 1574 frater
1658 1533 1789 1574 Alani
1811 1546 1996 1586 persone
2011 1530 2186 1574 ecclesie
2209 1530 2261 1572 (10

530 1601 748 1655 Aldebyr’,
764 1601 838 1655 qui
860 1604 1061 1643 mortuus
1084 1605 1162 1652 est,
1183 1605 1225 1644 et
1247 1603 1510 1656 Ranulphus
1533 1617 1668 1656 nepos
1691 1602 1885 1644 eiusdem
1908 1602 2037 1644 Alani
2052 1602 2260 1655 ceperunt

530 1671 575 1711 in
594 1685 724 1724 parco
747 1671 940 1725 predicto
959 1686 1093 1712 vnum
1109 1673 1289 1713 damum
1309 1672 1401 1713 (11οἳ
1422 1672 1579 1714 Martis
1596 1672 1794 1726 proxima
1812 1675 1914 1714 ante
1932 1673 2093 1713 festum
2112 1673 2261 1712 sancte

531 1741 760 1783 Trinitatis
812 1755 929 1783 anno
973 1742 1308 1796 quadragesimo
1361 1742 1546 1796 septimo
1595 1757 1694 1784 cum
1738 1742 1988 1796 leporrariis
2034 1740 2228 1782 eiusdem
2245 1740 2261 1763 3

530 1811 684 1859 Alani;
720 1813 762 1852 et
794 1811 1076 1852 venacionem
1100 1811 1222 1852 illam
1260 1813 1602 1865 asportauerunt
1638 1811 1692 1853 ad
1730 1812 1910 1852 domum
1944 1811 2082 1865 ipsius
2114 1811 2260 1864 Alany

530 1881 648 1933 apud
690 1881 908 1934 Aldebyr’,
941 1881 1015 1934 qui
1057 1894 1129 1923 eos
1160 1881 1403 1935 receptauit
1441 1883 1482 1922 et
1515 1881 1748 1922 malefacto
1785 1881 1980 1934 predicto
2023 1879 2258 1922 consensit.

530 1949 590 1990 Et
643 1950 744 2003 quia
795 1952 1087 2003 protestatum
1140 1953 1204 1991 est
1256 1950 1371 2003 quod
1422 1950 1644 2004 predictus
1696 1950 1961 2003 Ranulphus
2013 1951 2163 1990 manet
2212 1948 2258 1989 in

531 2018 742 2059 comitatu
771 2018 1000 2068 Suhamt’;
1035 2019 1131 2061 ideo
1153 2020 1415 2061 mandatum
1446 2022 1511 2060 est
1538 2019 1780 2060 vicecomiti
1803 2019 1996 2061 eiusdem
2024 2018 2259 2060 comitatus

531 2088 645 2140 quod
678 2088 809 2129 faciat
843 2101 944 2129 eum
967 2088 1113 2130 venire
1148 2102 1294 2130 coram
1332 2088 1586 2129 iusticiariis
1624 2088 1783 2129 foreste
1816 2088 1933 2141 apud
1969 2088 2177 2141 Wynton'
2213 2087 2259 2127 in

532 2156 697 2198 octabis
720 2156 861 2198 sancti
897 2157 1138 2198 Michaelis.
1201 2158 1261 2199 Et
1290 2157 1553 2198 mandatum
1588 2159 1652 2198 est
1688 2156 1887 2210 episcopo
1910 2156 2119 2210 Wynton'
2143 2154 2260 2209 quod

533 2225 664 2266 faciat
687 2225 834 2267 venire
856 2226 1101 2279 predictum
1126 2226 1332 2268 Alanum.

621 2295 930 2336 Presentatum
963 2297 1028 2337 est
1062 2309 1138 2349 1101·
1173 2296 1347 2337 eosdem
1380 2298 1422 2337 et
1459 2295 1712 2337 conuictum
1735 2295 1849 2349 quod
1882 2295 2099 2337 Robertus
2129 2294 2264 2336 frater

532 2363 764 2417 Reginaldi
801 2363 853 2405 de
888 2364 1205 2418 Nyweddegate
1240 2366 1305 2406 est
1340 2365 1544 2418 frequens
1578 2365 1833 2406 malefactor
1866 2364 1918 2407 de
1950 2363 2186 2406 venacione
2217 2363 2263 2404 in

533 2447 663 2487 parco
685 2433 892 2486 predicto.
956 2434 1052 2475 Non
1068 2434 1188 2475 venit
1204 2448 1283 2475 nec
1299 2434 1382 2475 fuit
1397 2434 1681 2483 attachiatus,
1701 2434 1802 2487 quia
1817 2433 2005 2475 nonfuit
2027 2433 2236 2474 inuentus
2249 2447 2260 2482 ;

534 2503 630 2544 ideo
653 2502 878 2555 exiguum
914 2505 956 2544 et
980 2503 1067 2544 nisi
1091 2504 1258 2545 venerit
1280 2503 1513 2557 vtlagetur.

624 2572 933 2613 Presentatum
976 2575 1041 2614 est
1084 2576 1164 2614 etc.
1198 2573 1312 2626 quod
1354 2573 1511 2614 Petrus
1544 2573 1595 2613 de
1628 2572 1920 2614 Dodelesdon'
1954 2573 2021 2613 est
2056 2571 2260 2624 frequens

535 2642 790 2682 malefactor
829 2642 879 2682 de
914 2641 1151 2683 venacione
1188 2644 1230 2683 et
1273 2642 1324 2683 de
1367 2641 1580 2683 cuniculis
1618 2642 1664 2682 in
1698 2655 1828 2695 parco
1865 2641 2074 2694 predicto.
2136 2641 2258 2682 Idem

537 2711 693 2751 Petrus
717 2710 835 2751 venit
863 2714 919 2760 et,
949 2725 1078 2764 super
1100 2711 1180 2752 hoc
1204 2711 1448 2761 conuictus,
1477 2711 1681 2752 detentus
1716 2714 1781 2752 est
1814 2710 1860 2750 in
1894 2709 2086 2763 prisona.
2149 2709 2258 2752 Con-

537 2779 727 2820 donatur
750 2793 827 2832 pro
850 2793 948 2831 rege
972 2779 1073 2832 quia
1097 2778 1282 2834 [pauper
1301 2779 1347 2835 ⁴].

804 3000 809 3016 ¹
837 3001 855 3029 3
873 2999 953 3039 July
972 3000 1066 3030 1264.
1346 3002 1357 3018 ³
1382 3001 1453 3031 MS.
1473 3000 1625 3031 ι(01(10111.’

801 3045 812 3060 ”-“
837 3044 877 3073 22
897 3044 975 3083 May
994 3044 1089 3074 1263.
1351 3046 1356 3061 ¹
1384 3044 1467 3075 This
1485 3044 1575 3075 word
1593 3044 1621 3074 is
1639 3043 1784 3074 omitted
1802 3042 1838 3073 in
1855 3042 1914 3073 the
1931 3041 2005 3074 roll.
