2421 3529
259 2338 269 2342 -
337 2338 343 2346 ‚

232 2353 338 2377 risona.

209 2879 313 2897 rnal‘ca.

440 245 497 291 54
694 255 1002 291 sELECTIONs
1037 255 1176 290 FROM
1214 255 1317 289 THE
1354 255 1544 290 FOREST
1580 256 1717 290 EYRE
1752 257 1912 291 ROLLS

1229 509 1367 551 ῩΠΙ.1

438 636 686 678 PLACITA
709 635 978 678 FORESTE
1004 635 1160 677 APUD
1185 634 1550 677 GULDEFORD
1582 634 1644 675 IN
1668 634 1966 677 COMITATU
1993 634 2161 676 SURR’

525 706 562 746 A
614 705 750 745 DIE2
799 704 1001 746 SANCTI
1049 704 1336 747 IOHANNIS
1387 704 1672 746 BAPTISTE
1720 704 1781 745 IN
1828 703 2164 755 QUINDEGIM

526 775 666 816 DIES
732 773 930 816 CORAM
982 773 1221 815 ROGERO
1278 773 1357 813 DE
1413 772 1722 821 CLIFFORD,
1776 773 2024 814 MATHEO
2082 773 2162 813 DE

527 844 879 891 COLUMBAR’,
899 842 1198 884 NICHOLAO
1222 843 1300 883 DE
1326 842 1489 884 ROME
1500 842 1592 884 SIA
1613 842 1689 883 ET
1712 841 2059 883 REGINALDO
2083 842 2162 882 DE

526 913 678 955 ACLE
734 912 1114 955 IUSTICIARHS
1161 912 1238 953 AD
1290 911 1504 952 EADEM
1556 911 1804 953 PLACITA
1856 912 2166 953 AUDIENDA

525 983 873 1025 ASSIGNATIS
940 981 1096 1023 ANNO
1170 982 1359 1023 REGNI
1432 980 1613 1022 REGIS
1689 981 1941 1023 HENRICI
2014 981 2163 1022 FILII

526 1053 706 1095 REGIS
740 1052 1025 1094 IOHANNIS
1059 1050 1549 1103 QUINQUAGESIMO
1584 1050 1812 1092 TERCIO.

647 1276 738 1310 ³De
763 1273 1015 1310 venacione
1039 1273 1088 1307 in
1112 1281 1249 1316 parco
1274 1272 1445 1307 domini
1468 1271 1587 1315 regis
1613 1272 1669 1307 de
1697 1272 1962 1308 Guldeford.

527 1364 838 1405 Presentatum
881 1362 946 1402 est
980 1362 1022 1401 et
1057 1359 1309 1401 conuictum
1344 1373 1420 1413 per
1457 1359 1686 1401 viridarios
1728 1362 1770 1401 et
1812 1373 1889 1413 per
1932 1360 2087 1414 viginti
2125 1364 2167 1403 et

440 1435 628 1488 quatuor
651 1431 809 1486 probos
832 1431 874 1472 et
906 1429 1065 1482 legales
1097 1428 1298 1470 homines
1330 1431 1422 1470 tam
1456 1429 1508 1470 de
1539 1429 1643 1471 villa
1675 1429 1727 1471 de
1760 1429 2001 1472 Guldeford
2035 1445 2168 1484 quam

441 1504 493 1545 de
515 1502 714 1557 partibus
737 1499 1038 1541 adiacentibus
1061 1501 1103 1540 et
1125 1512 1201 1552 per
1222 1499 1370 1552 plures
1393 1498 1567 1540 villatas
1599 1498 1767 1540 iuratas
1801 1499 1914 1552 quod
1947 1500 2168 1542 Walterus

439 1571 704 1621 Walerand’,
728 1569 972 1613 Willelmus
1005 1568 1139 1609 frater
1171 1567 1278 1618 eius,
1312 1567 1556 1610 Willelmus
1592 1568 1891 1618 Schortfrend,
1924 1569 2169 1611 Willelmus

441 1640 695 1683 Basemund
739 1641 780 1681 et
822 1638 1042 1680 Iohannes
1086 1637 1315 1691 Polswayn
1351 1636 1425 1689 qui
1459 1637 1621 1678 mortui
1659 1640 1763 1679 sunt
1806 1640 1847 1679 et
1886 1639 2076 1680 Thomas
2118 1640 2170 1681 de

440 1712 579 1753 Bosco
601 1710 780 1751 fuerunt
803 1707 999 1750 consueti
1021 1707 1324 1748 malefactores
1348 1706 1400 1747 de
1431 1706 1667 1749 venacione
1700 1707 1866 1748 domini
1898 1708 2010 1761 regis
2043 1711 2085 1750 et
2118 1709 2170 1750 de

442 1780 656 1822 cuniculis
689 1779 734 1820 in
766 1792 897 1832 parco
930 1777 981 1819 de
1015 1776 1283 1825 Guldeford;
1328 1779 1369 1817 et
1401 1776 1604 1817 recettati
1636 1777 1870 1830 aliquando
1903 1778 1957 1819 ad
1990 1778 2170 1819 domum

439 1849 615 1892 Radulfi
658 1849 709 1890 de
744 1847 907 1891 Slifeld’
942 1848 984 1888 et
1017 1845 1252 1899 aliquando
1286 1845 1340 1886 ad
1373 1845 1551 1886 domum
1585 1846 1714 1887 Alani
1747 1846 1798 1887 (16
1833 1846 1983 1889 Slifeld
2017 1849 2058 1888 et
2092 1847 2171 1889 ali-

440 1920 615 1974 quando
658 1918 712 1960 ad
756 1918 935 1959 domum
987 1914 1199 1958 Iohannis
1242 1915 1456 1956 Attelioke
1499 1914 1573 1968 qui
1625 1915 1803 1957 fuerunt
1846 1917 2172 1959 concensientes

440 1988 684 2032 malefactis
708 1987 812 2028 suis.
874 1986 934 2026 Et
957 1985 1019 2025 hii
1042 1998 1193 2026 omnes
1215 1984 1399 2038 predicti
1421 1986 1629 2038 ceperunt
1659 1984 1704 2024 in
1737 1998 1867 2037 parco
1899 1986 2093 2039 predicto
2126 1986 2170 2026 in

442 2061 552 2101 festo
567 2061 579 2081 ⁴
604 2058 881 2099 Pentecostes
904 2068 1020 2096 anno
1043 2053 1404 2107 quinquagesimo
1437 2053 1578 2107 primo
1601 2068 1736 2094 vnum
1759 2054 1940 2095 damum
1963 2058 2005 2096 et
2037 2070 2172 2097 vnam

444 2130 622 2171 damam
655 2130 697 2169 et
729 2124 960 2169 tresdecim
993 2123 1215 2165 cuniculos
1248 2123 1339 2164 61116
1372 2125 1562 2164 warento
1580 2138 1588 2172 ;
1625 2126 1665 2164 et
1698 2124 1915 2165 Robertus
1948 2124 1999 2166 de
2031 2125 2172 2167 Forde

447 2199 645 2241 similiter
669 2199 734 2239 est
757 2208 906 2237 eorum
930 2195 1165 2234 recettator
1188 2195 1230 2234 et
1254 2192 1535 2234 concensiens
1558 2193 1801 2234 malefactis
1825 2193 1930 2234 suis,
1984 2195 2173 2235 Predicti

446 2268 676 2316 Radulfus,
710 2266 875 2307 Alanus
918 2266 960 2305 et
1003 2263 1223 2304 Iohannes
1262 2262 1313 2303 de
1355 2262 1397 2302 la
1439 2262 1552 2302 Hok'
1592 2265 1807 2303 venerunt
1845 2266 1887 2304 et
1930 2277 2059 2317 super
2091 2264 2171 2304 hoc

446 2337 636 2380 conuicti
658 2334 824 2378 detenti
847 2336 951 2375 sunt
977 2333 1021 2373 in
1055 2332 1246 2385 prisona.
1308 2331 1369 2372 Et
1400 2332 1654 2384 preceptum
1687 2334 1752 2373 est
1785 2332 2027 2374 vicecomiti
2059 2333 2172 2386 quod

446 2406 579 2448 faciat
601 2403 746 2446 venire
776 2401 993 2456 predictos
1026 2400 1241 2440 Thomam
1274 2400 1316 2440 et
1348 2399 1588 2439 Robertum
1612 2399 1680 2439 die
1695 2400 1709 2422 5
1731 2399 1888 2441 Martis
1910 2399 1956 2440 in
1979 2400 2172 2441 crastino

447 2473 769 2518 Translacionis
813 2470 953 2513 sancti
997 2468 1210 2511 Swthuni.
1294 2468 1451 2509 Postea
1488 2468 1607 2510 venit
1649 2469 1870 2522 predictus
1906 2469 2095 2510 Thomas
2129 2472 2172 2511 et

448 2559 576 2599 super
599 2545 680 2585 hoc
704 2541 930 2584 conuictus
953 2540 1156 2581 detentus
1180 2538 1307 2580 estin
1330 2538 1521 2591 prisona.
1574 2539 1731 2580 Postea
1746 2539 1965 2592 predictus
1982 2539 2172 2580 Thomas

448 2615 499 2656 de
532 2615 669 2655 Bosco
711 2612 893 2653 eductus
935 2609 986 2650 de
1029 2608 1205 2661 prisona
1247 2607 1378 2648 finem
1418 2607 1518 2648 fecit
1560 2621 1636 2660 per
1681 2621 1817 2648 unam
1860 2622 2054 2649 marcam
2096 2622 2172 2661 per

447 2684 670 2738 pleuinam
692 2679 898 2723 Willelmi
921 2678 971 2719 de
995 2677 1243 2719 Chakedon’
1269 2680 1311 2718 et
1333 2677 1539 2718 Willelmi
1569 2677 1607 2718 le
1640 2677 1760 2730 Ryde
1793 2677 1844 2718 de
1880 2677 2048 2719 Stokes.
2110 2678 2171 2719 Et

446 2753 666 2807 predictus
708 2748 923 2791 Radulfus
965 2746 1016 2787 (16
1062 2746 1224 2788 Slifeld’
1259 2745 1441 2787 eductus
1474 2745 1526 2786 de
1563 2745 1740 2798 prisona
1783 2745 1916 2787 finem
1962 2746 2062 2788 fecit
2095 2760 2170 2800 per

446 2821 673 2863 dimidiam
705 2831 900 2860 marcam
933 2829 1007 2869 per
1045 2815 1267 2869 pleuinam
1304 2815 1462 2867 Rogeri
1498 2815 1547 2856 de
1587 2815 1759 2856 Sutton’
1799 2816 1842 2856 et
1879 2815 2085 2856 Willelmi
2120 2816 2170 2856 de

446 2889 708 2934 Chakedon’.
770 2887 830 2928 Et
862 2885 1082 2939 predictus
1114 2885 1282 2925 Alanus
1314 2884 1497 2925 eductus
1530 2897 1554 2924 a
1587 2883 1763 2936 prisona
1796 2883 1929 2925 finem
1962 2884 2062 2925 fecit
2094 2898 2170 2938 per

446 2959 672 3003 dimidiam
696 2968 891 2998 marcam
915 2968 989 3007 per
1012 2953 1233 3007 pleninam
1259 2953 1375 2994 Petri
1408 2952 1458 2993 de
1482 2952 1804 3005 Murechelegh'
1831 2955 1873 2995 et
1895 2953 2100 2996 Willelmi
2133 2954 2171 2995 le

799 3072 804 3089 ¹
833 3071 950 3101 Foras!
968 3069 1202 3121 PJFcfedinya
1227 3069 1397 3107 Tl‘sccsm‘gs
1420 3068 1456 3107 of
1470 3067 1616 3115 Eece-ips.
1634 3067 1697 3097 No.
1716 3069 1790 3098 194.

798 3117 808 3133 '³
833 3114 1062 3153 3111151210.
1389 3113 1399 3128 ³⁴
1424 3111 1587 3141 1101Ιὸ111
1606 3110 1715 3141 (10160.

804 3160 810 3176 ¹
834 3161 851 3189 5
871 3159 958 3189 June
979 3158 1072 3187 1257.
1392 3158 1401 3173 ’δ
1428 3157 1466 3185 16
1485 3155 1564 3195 -Julj⁷
1583 3156 1677 3186 1269.
