2421 3529
472 280 530 324 84
939 288 1126 323 SELEcT
1162 287 1352 322 FonEsT
1388 288 1742 331 Ixorssisirioxs

559 403 652 444 Hec
676 404 778 444 sunt
801 401 981 444 nomina
1003 401 1269 456 plegiorum¹
1294 400 1476 443 Henrici
1499 401 1950 443 Tucke:-—Iohannes
1966 401 2017 443 de
2038 401 2193 444 Lurte-

470 472 586 521 broc,
604 470 810 513 Matheus
833 471 1001 526 Croyle,
1025 470 1239 512 Ricardus
1262 469 1378 511 filius
1400 470 1594 520 Roberti,
1618 469 1840 511 Henricus
1863 470 1915 512 de
1937 470 2194 520 Lurtebroc,

471 541 687 583 Robertus
710 541 762 582 de
787 541 1020 593 Sutburgo‚
1043 538 1262 580 Henricus
1284 539 1532 593 prepositus
1554 540 1606 581 de
1629 539 1861 581 Bricstok'.

559 609 896 651 Memorandum
920 608 1033 662 quod
1056 607 1246 662 quinque
1269 607 1413 661 laquei
1434 608 1618 661 predicti
1641 608 1791 650 traditi
1814 609 1993 651 fuerunt
2015 607 2196 662 Hugoni

470 679 559 721 filio
583 679 789 734 Godyene
812 680 855 720 et
873 678 1068 721 Gilberto
1084 677 1135 718 de
1157 677 1342 730 Hungre
1365 676 1419 718 ad
1434 677 1769 719 custodiendum
1793 678 1929 730 usque
1952 677 2195 720 aduentum

471 748 816 791 iusticiariorum
839 748 890 789 de
914 748 1088 794 foresta.

563 887 720 927 2Ann0
763 884 984 927 tricesimo
1020 884 1177 939 primo.
1254 883 1422 926 Accidit
1458 883 1554 926 die3
1587 884 1819 926 Dominica
1861 883 2059 938 proxima
2100 884 2199 937 post

472 954 773 1009 Epiphaniam
811 967 927 996 anno
963 953 1119 1008 rengni
1150 952 1263 1007 regis
1298 953 1480 994 Henrici
1516 953 1737 996 tricesimo
1778 953 1921 1007 primo
1953 953 2067 1006 quod
2099 966 2200 994 cum

473 1024 714 1071 Mauricius
737 1025 788 1067 de
810 1024 934 1066 Meht
957 1023 1031 1078 qui
1053 1023 1223 1065 dicebat
1258 1037 1302 1064 se
1332 1037 1425 1065 esse
1447 1037 1547 1064 cum
1571 1024 1747 1065 domino
1769 1024 1821 1065 R.
1844 1023 2024 1073 Passel’‚
2055 1025 2198 1064 trans-

473 1095 601 1136 sisset
638 1108 768 1136 mane
805 1107 905 1135 cum
940 1093 1110 1135 duobus
1143 1093 1265 1146 equis
1307 1106 1383 1146 per
1426 1092 1579 1135 uillam
1621 1093 1673 1135 de
1717 1092 1936 1146 Sutburgo
1967 1092 2079 1134 uidit
2111 1094 2200 1134 tres

471 1164 672 1206 homines
694 1165 921 1218 portantes
943 1177 1080 1205 vnum
1108 1177 1297 1204 saccum.
1360 1163 1421 1205 Et
1444 1177 1545 1204 cum
1574 1163 1757 1205 uidisset
1789 1163 1884 1204 illos
1916 1162 2071 1204 habuit
2104 1161 2200 1203 illos

473 1236 711 1288 suspectos,
735 1234 777 1274 et
801 1232 1063 1287 sequebatur
1093 1245 1164 1273 eos
1187 1245 1324 1285 usque
1357 1232 1509 1273 uillam
1532 1232 1584 1274 de
1619 1232 1839 1286 Sutburgo
1871 1246 1971 1274 cum
1995 1245 2099 1274 arcu
2121 1244 2200 1272 suo

471 1304 659 1345 extento.
709 1302 820 1345 Cum
838 1304 987 1344 autem
1009 1301 1194 1355 predicti
1215 1303 1303 1343 tres
1326 1301 1527 1343 homines
1549 1301 1757 1343 uiderunt
1775 1316 1876 1343 eum
1898 1301 1993 1343 illos
2018 1314 2198 1354 sequen-

470 1375 559 1415 tem
583 1372 836 1414 abiecerunt
868 1384 1045 1413 saccum
1078 1372 1120 1412 et
1154 1370 1375 1424 fugerunt.
1438 1370 1592 1412 Dictus
1615 1384 1717 1412 vero
1739 1370 1979 1412 Mauricius
2003 1370 2054 1412 de
2076 1370 2200 1412 Meht

470 1442 583 1496 cepit
607 1455 781 1483 saccum
805 1442 847 1482 et
870 1440 1041 1481 inuenit
1063 1439 1109 1480 in
1132 1453 1257 1482 sacco
1288 1454 1421 1482 vnam
1445 1440 1622 1482 damam
1645 1440 1911 1482 excoriatam
1929 1441 1972 1481 et
1993 1440 2200 1493 laqueum

471 1525 571 1552 cum
595 1525 678 1565 quo
700 1510 842 1552 bestia
864 1511 993 1564 capta
1024 1509 1123 1552 fuit.
1186 1509 1246 1552 Et
1274 1523 1374 1551 cum
1397 1509 1478 1552 hoc
1500 1509 1673 1551 fecisset
1704 1509 1786 1551 iuit
1818 1509 1873 1551 ad
1901 1509 2127 1550 ecclesiam
2149 1508 2202 1549 de

473 1581 707 1634 Sutburgo,
750 1582 792 1621 et
834 1579 1060 1621 intimauit
1103 1579 1185 1621 toti
1225 1579 1392 1629 uillate,
1431 1593 1513 1632 que
1548 1579 1812 1621 acciderant.
1885 1578 1946 1620 Et
1984 1592 2086 1620 cum
2119 1578 2201 1619 hoc

470 1650 642 1692 fecisset
673 1648 803 1691 rediit
839 1648 1000 1690 iterum
1035 1648 1090 1690 ad
1120 1661 1296 1689 saccum
1319 1649 1361 1690 et
1384 1661 1560 1690 coreum
1592 1648 1720 1691 dame
1753 1647 2011 1702 asportauit.
2072 1646 2203 1689 Dicta

470 1733 571 1761 *vero
604 1719 758 1760 uillata
790 1718 842 1760 de
877 1718 1085 1771 Sutburg’
1117 1717 1238 1759 misit
1270 1719 1448 1771 propter
1479 1717 1712 1760 uiridarios
1745 1719 1787 1759 et
1830 1717 2095 1767 forestarios,
2129 1716 2203 1770 qui

471 1790 690 1830 uenerunt
733 1790 775 1830 et
817 1787 1085 1835 inuenerunt
1128 1787 1276 1829 omnia
1308 1787 1420 1829 sicut
1452 1787 1649 1841 predicta
1682 1789 1798 1829 sunt.
1860 1787 1921 1829 Et
1960 1800 2088 1841 super
2120 1786 2202 1827 hoc

471 1859 585 1900 facta
617 1857 700 1900 fuit
731 1857 961 1911 inquisicio
1004 1856 1121 1911 apud
1166 1856 1440 1910 Sutburgum
1482 1857 1551 1899 die
1592 1857 1720 1898 Lune
1761 1857 1960 1911 proxima
2003 1855 2203 1910 sequenti

471 1941 618 1970 coram
651 1927 873 1969 uiridariis
905 1927 947 1968 et
989 1926 1230 1968 forestariis
1274 1926 1416 1980 patrie
1457 1940 1534 1980 per
1576 1929 1765 1980 quatuor
1807 1926 1984 1968 uillatas
2025 1925 2200 1980 propin-

472 1998 658 2052 quiores,
684 1997 861 2048 scfficet,
885 2011 961 2050 per
987 1997 1210 2050 Sutburg’,
1234 1996 1443 2050 Lufwyc’,
1467 1996 1701 2047 Bricstok’,
1725 1996 1960 2038 Liuedene.

562 2068 768 2121 Sutburg'
803 2067 922 2109 venit
954 2068 1012 2117 et,
1045 2066 1204 2116 iurata,
1228 2066 1332 2108 dicit
1366 2066 1481 2120 quod
1513 2066 1730 2108 Radulfus
1761 2066 1878 2108 filius
1911 2065 2116 2107 Mabille⁴
2151 2065 2202 2107 de

475 2137 680 2190 Sutburg'
706 2136 788 2178 fuit
810 2149 923 2178 Vnus
945 2149 1093 2177 eorum
1126 2135 1201 2189 qui
1233 2135 1455 2189 fugerunt,
1478 2138 1521 2177 et
1553 2135 1736 2177 tradidit
1768 2135 1889 2176 illam
1920 2134 2203 2176 venacionem

473 2206 689 2248 Willelmo
720 2204 809 2246 filio
842 2204 1022 2246 Henrici
1059 2204 1111 2245 de
1144 2204 1358 2245 Benifeld.
1424 2204 1602 2245 Tercius
1640 2218 1744 2246 uero
1777 2204 1860 2246 fuit
1892 2204 2110 2246 Robertus
2152 2203 2204 2245 de

474 2276 690 2325 Grafton’‚
714 2274 789 2328 qui
822 2288 897 2328 per
927 2274 1059 2315 breue
1091 2276 1268 2327 tempus
1300 2275 1404 2315 ante
1436 2273 1519 2314 fuit
1552 2287 1651 2315 cum
1684 2275 1885 2328 Angnete
1923 2273 2096 2323 Comet,
2130 2272 2204 2327 qui

474 2345 586 2399 fugit
621 2346 662 2386 et
700 2344 899 2386 nondum
933 2343 1145 2386 inuentus
1180 2345 1259 2385 est.
1338 2344 1412 2386 Set
1452 2343 1569 2386 dicta
1610 2344 1787 2398 Angnes
1831 2344 1990 2387 Cornet
2032 2343 2204 2385 inuenit

473 2414 637 2468 plegios
660 2427 806 2455 coram
828 2412 1083 2454 iusticiariis
1107 2413 1158 2454 de
1181 2413 1344 2454 foresta
1365 2427 1444 2466 pro
1467 2412 1582 2455 dicto
1614 2413 1818 2463 Roberto,
1847 2413 2023 2463 scilicet,
2052 2413 2202 2466 Hugo-

476 2498 577 2525 nem
609 2483 749 2525 filium
772 2482 932 2536 Rogeri
961 2484 1004 2524 et
1030 2483 1212 2524 Petrum
1243 2482 1384 2524 filium
1416 2483 1590 2536 Rogeri.
1653 2483 1842 2525 Predicti
1864 2497 1966 2525 uero
1988 2483 2204 2524 Radulfus

475 2554 592 2595 filius
625 2553 802 2594 Mabille
835 2555 876 2594 et
908 2552 1153 2594 Willelmus
1179 2551 1296 2594 filius
1328 2551 1511 2594 Henrici
1533 2553 1650 2607 capti
1673 2553 1852 2595 fuerunt
1875 2556 1916 2594 et
1940 2551 2064 2594 missi
2085 2552 2203 2606 apud

477 2623 737 2676 Norhampt'
773 2622 828 2663 ad
869 2621 1254 2675 inprisonandum,
1288 2626 1330 2664 et
1367 2621 1520 2664 traditi
1557 2623 1735 2665 fuerunt
1773 2622 1949 2664 domino
1980 2622 2120 2664 Alano
2152 2621 2203 2663 de

478 2692 745 2746 Maydewell’
770 2693 875 2733 tunc
896 2690 1141 2733 vicecomiti
1163 2691 1439 2745 Norhampt'.

568 2762 678 2803 Caro
701 2760 828 2802 dame
851 2759 954 2801 data
977 2759 1060 2800 fuit
1082 2759 1264 2813 leprosis
1287 2760 1338 2802 de
1362 2761 1634 2814 Trapeston’.

567 2831 771 2883 Laqueus
794 2842 897 2870 uero
920 2842 1020 2870 cum
1042 2842 1126 2882 quo
1157 2829 1273 2870 dicta
1303 2829 1433 2871 dama
1465 2833 1592 2884 capta
1624 2829 1706 2872 fuit
1738 2829 1995 2872 tradebatur
2017 2829 2206 2871 Roberto

479 2899 567 2942 filio
590 2900 707 2941 Luce
729 2899 781 2940 de
803 2897 1012 2939 Liueden’
1038 2900 1079 2939 et
1102 2898 1291 2940 Radulfo
1313 2898 1402 2941 filio
1425 2899 1622 2951 Quenild’
1648 2899 1699 2940 de
1722 2899 1873 2941 eadem
1895 2898 2205 2941 custodiendus

480 2984 615 3024 usque
637 2970 682 3010 in
706 2969 948 3011 aduentum
971 2967 1313 3010 iusticiariorum
1340 2969 1391 3011 de
1413 2969 1587 3011 foresta.

660 3145 664 3161 ¹
693 3142 777 3173 This
795 3142 885 3173 word
904 3142 932 3174 is
950 3142 1094 3174 omitted
1112 3143 1147 3174 in
1166 3143 1223 3174 the
1241 3143 1316 3175 roll.
1557 3145 1567 3161 ³
1594 3146 1633 3174 13
1652 3144 1806 3183 January
1826 3144 1915 3184 1243.

656 3188 667 3204 '·'
693 3188 754 3218 Sec
772 3197 802 3226 p.
822 3189 872 3218 29.
1561 3190 1569 3209 ’-
1593 3189 1666 3219 MS.
1686 3193 1692 3204 ⁸
1710 3188 1864 3219 Mibille.'
