2421 3529
437 259 462 307 7
471 260 497 305 C»
895 268 1083 304 sELECT
1117 267 1309 302 FOREST
1345 267 1700 310 INQmsITioNs

439 385 508 427 die
541 382 774 426 Dominica
806 382 1062 424 Palmarum
1095 381 1150 422 ad
1183 394 1386 434 vesperas
1419 394 1519 422 cum
1541 379 1768 434 leporariis
1792 382 1873 423 sub
1899 382 2075 437 Sappell
2113 384 2169 425 ad

438 453 805 496 malefaciendum
848 452 899 493 de
951 450 1187 492 venacione
1240 449 1406 490 domini
1457 449 1586 502 regis,
1640 451 1682 490 et
1729 449 1952 492 neminem
2002 451 2169 493 habent

439 525 691 577 suspectum
723 523 869 575 preter
900 520 980 561 hos
1013 522 1101 561 tres
1134 519 1438 560 malefactores
1454 534 1464 568 ;
1499 520 1543 560 et
1571 518 1651 560 hos
1674 518 1760 560 nisi
1781 533 1857 573 per
1880 519 2168 562 indiccionem

440 591 623 647 predicti
645 590 819 632 Radulfi
843 589 895 630 de
918 588 1121 630 Fenton'.

527 660 621 703 Alie
644 660 790 701 villate
814 658 964 699 dicunt
987 657 1120 699 idem.

529 782 793 837 1111(111151610
826 783 941 824 facta
974 781 1019 822 in
1053 795 1206 834 campo
1240 780 1291 822 de
1324 780 1459 822 Iakel’
1489 780 1589 822 (1162
1619 780 1883 822 Animarum
1906 794 2023 823 anno
2045 781 2170 834 regni

439 853 554 908 regis
586 852 768 894 Henrici
800 851 879 892 filii
911 850 1124 892 Iohannis
1157 850 1270 904 regis
1293 850 1514 892 tricesimo
1537 850 1691 904 quinto
1714 851 1766 892 de
1788 850 1992 904 capcione
2025 850 2169 892 cuius-

441 924 541 965 dam
586 921 705 963 dami
746 935 822 975 per
865 919 1117 962 forestarios
1160 921 1202 961 et
1235 918 1464 961 viridarios
1497 921 1539 961 et
1572 923 1759 973 quatuor
1790 919 1965 961 villatas
2008 919 2171 961 seilicet

440 992 589 1041 Iakel'‚
613 990 915 1039 Folkeswrth’,
943 989 1135 1038 Stilton’,
1160 990 1202 1030 et
1224 988 1453 1030 Morburn'
1476 990 1518 1030 et
1543 988 1789 1031 Caudecot’.

530 1060 682 1110 Iakel',
713 1059 874 1109 iurata,
911 1058 1018 1099 dixit
1053 1058 1167 1111 (111οᾶ
1201 1057 1405 1099 dominus
1438 1058 1496 1098 H.
1530 1058 1581 1099 de
1613 1058 1829 1112 Engayne
1862 1057 2033 1111 fugauit
2071 1071 2171 1098 cum

441 1129 624 1171 canibus
657 1128 747 1169 suis
780 1128 835 1169 ad
857 1127 1033 1180 vulpem
1066 1126 1111 1167 in
1145 1140 1298 1180 campo
1333 1126 1506 1168 comitis
1530 1126 1720 1169 Cornub'
1746 1127 1861 1181 apud
1894 1127 2042 1168 Hold3
2075 1126 2171 1167 die⁴

439 1199 565 1239 Lune
587 1197 785 1251 proxima
807 1198 910 1238 ante
934 1196 1096 1237 festum
1120 1198 1270 1237 sancte
1292 1195 1414 1238 Fidis
1432 1210 1550 1237 anno
1570 1196 1791 1238 tricesimo
1823 1198 1978 1249 quarto
1994 1211 2004 1245 3
2039 1197 2081 1237 et
2103 1195 2172 1236 die

440 1267 598 1309 Martis
625 1266 824 1320 proxima
856 1265 1056 1319 sequenti
1088 1265 1208 1306 venit
1241 1265 1421 1319 quidam
1454 1265 1611 1307 damus
1644 1265 1769 1320 quasi
1800 1280 1931 1319 pecus
1963 1265 2173 1319 perterita

442 1337 493 1378 de
531 1336 665 1377 Holm
708 1334 931 1376 transiens
964 1347 1171 1387 campum
1205 1333 1256 1375 de
1292 1334 1467 1376 Stilton’
1511 1348 1664 1376 versus
1696 1348 1902 1388 campum
1935 1334 1987 1375 de
2019 1333 2170 1376 Iakel'.

440 1405 501 1446 Et
534 1408 623 1446 tres
655 1403 858 1445 homines
895 1403 1062 1456 equites
1099 1402 1241 1456 sequti
1276 1403 1454 1445 fuerunt
1493 1403 1659 1445 dictum
1693 1404 1889 1445 damum.
1951 1404 2011 1445 Et
2053 1403 2173 1445 venit

442 1474 622 1529 quidam
644 1473 834 1514 Michael
853 1473 904 1514 de
926 1471 1191 1526 Depinham‚
1211 1473 1355 1525 garcio
1373 1473 1586 1515 Iohannis
1605 1473 1656 1515 de
1674 1473 1924 1527 Depinham
1941 1473 2173 1514 seruientis

443 1546 495 1587 de
526 1544 793 1592 Wodeston’,
828 1545 870 1584 et
902 1542 1118 1596 percussit
1151 1542 1317 1584 dictum
1351 1542 1533 1584 damum
1565 1557 1666 1584 cum
1699 1543 1890 1596 quadam
1922 1543 2083 1585 hachia
2117 1543 2173 1584 ad

443 1616 531 1669 Pyc
576 1614 687 1655 sicut
722 1613 860 1655 voluit
912 1611 1125 1653 transisse
1167 1612 1392 1665 quandam
1435 1613 1609 1654 foueam
1656 1614 1699 1654 et
1743 1626 1843 1654 eum
1881 1612 2050 1653 occidit.
2112 1612 2173 1654 Et

441 1686 658 1726 venerunt
682 1682 786 1724 dicti
808 1684 897 1724 tres
919 1680 1134 1730 homines,
1152 1681 1225 1734 (1111
1247 1681 1391 1735 sequti
1413 1682 1606 1732 fuerunt,
1630 1682 1908 1723 abstulerunt
1931 1681 1969 1723 ei
1992 1682 2173 1723 damum

441 1757 484 1796 et
506 1753 731 1794 redierunt
753 1765 906 1793 versus
929 1750 1078 1799 Holm,
1096 1752 1159 1792 set
1182 1751 1321 1792 nescit
1344 1751 1416 1804 qui
1433 1751 1496 1792 1111
1511 1751 1691 1794 fuerunt
1708 1764 1786 1793 nec
1809 1751 1921 1793 vnde
1944 1754 2173 1793 venerunt.

530 1822 833 1871 Folkesmth’,
858 1821 1016 1869 iurata,
1042 1819 1145 1861 dicit
1168 1819 1283 1861 idem
1306 1821 1420 1873 quod
1443 1820 1591 1862 Iakel’.

533 1891 709 1935 Stilton’
748 1890 851 1932 dicit
885 1889 1001 1930 idem
1039 1888 1154 1941 quod
1192 1889 1300 1931 dixit
1333 1903 1480 1931 coram
1515 1890 1584 1932 G?
1619 1889 1670 1931 de
1703 1889 1901 1943 Langel’,
1930 1889 2173 1932 iusticiario

443 1962 615 2010 foreste,
640 1960 757 2014 apud
779 1959 991 2000 Hunted’.

532 2029 747 2072 Caldecot’
772 2031 814 2070 613
837 2029 1049 2079 Morlnir,'
1075 2028 1232 2077 iurate,
1255 2027 1407 2070 dicunt
1431 2028 1544 2082 quod
1567 2027 1703 2069 nichil
1725 2028 1827 2070 inde
1850 2028 2009 2070 sciunt.

533 2100 721 2141 Michael
744 2099 795 2140 (16
818 2098 1008 2152 Depinh'
1032 2099 1107 2153 qui
1130 2097 1286 2140 occidit
1315 2098 1496 2139 damum
1533 2101 1689 2152 captus
1719 2098 1801 2139 fuit
1836 2100 1878 2139 et
1913 2098 2173 2140 commissus

444 2169 661 2210 Willelmo
699 2168 750 2209 (16
791 2167 1006 2216 Elinton',
1045 2167 1207 2209 balliuo
1242 2167 1415 2209 abbatis
1457 2167 1508 2209 de
1551 2168 1712 2209 Thorn’
1757 2167 1808 2208 de
1850 2167 2080 2209 hundredo
2122 2168 2175 2209 de

447 2239 756 2286 NormanCrOS,
780 2237 834 2278 ad
857 2237 1110 2290 ponendum
1134 2236 1180 2276 in
1203 2236 1445 2290 prisonam.

535 2307 756 2348 Iohannes
809 2306 859 2347 de
897 2306 1123 2360 Depeham
1162 2306 1334 2348 inuenit
1375 2306 1540 2360 plegios
1583 2306 1634 2348 de
1676 2306 1978 2360 respondendo
2027 2319 2173 2348 coram

442 2376 700 2418 iusticiariis
727 2390 861 2429 quare
884 2376 1045 2429 recepit
1069 2376 1236 2417 dictum
1260 2375 1519 2417 Michaelem
1542 2379 1775 2430 postquam
1799 2375 1954 2418 occidit
1977 2376 2172 2426 damum,

445 2446 624 2496 scilicet,
668 2445 921 2499 Philippum
966 2445 1016 2486 de
1059 2445 1225 2499 Orreby
1257 2445 1303 2485 in
1343 2446 1503 2495 Santr’‚
1540 2446 1775 2499 Hugonem
1807 2446 1846 2487 16
1877 2446 2087 2499 Despens’
2123 2446 2174 2487 de

446 2516 614 2565 eadem,
640 2515 888 2558 Galfridum
912 2515 963 2556 de
985 2516 1190 2564 Beumes,
1214 2516 1460 2556 Iohannem
1478 2516 1616 2557 filium
1640 2516 1851 2557 Iohannis
1875 2516 1925 2557 de
1947 2515 2174 2570 Lytlebiry

448 2586 499 2626 de
534 2586 758 2635 Ouerton’‚
795 2584 1018 2627 Simonem
1054 2584 1219 2626 Clifard
1252 2585 1303 2625 de
1339 2585 1528 2634 Stilton’‚
1553 2585 1796 2627 Iohannem
1827 2584 1968 2626 filium
2000 2585 2176 2627 Paulini

447 2655 499 2696 de
525 2655 697 2697 Santre.

535 2722 722 2774 Quidam
745 2721 959 2763 Ricardus
982 2722 1033 2763 de
1059 2722 1234 2764 Stilton’
1268 2723 1472 2775 cognouit
1496 2723 1608 2777 quod
1642 2723 1763 2765 stetit
1794 2737 1922 2777 super
1954 2723 2173 2776 quoddam

447 2794 617 2834 tassum
640 2791 765 2832 turbe
781 2791 826 2831 in
852 2791 1026 2833 Stilton’
1052 2794 1093 2832 et
1108 2791 1217 2832 vidit
1241 2791 1349 2833 (11105
1367 2791 1568 2834 homines
1588 2791 1755 2846 equites
1778 2794 1820 2833 et
1843 2793 1951 2833 (11105
1973 2791 2174 2833 homines

446 2861 613 2914 pedites
647 2874 799 2913 capere
833 2860 997 2900 dictum
1029 2860 1209 2901 damum
1242 2874 1342 2901 cum
1376 2861 1546 2902 duobus
1577 2861 1759 2902 canibus
1793 2860 1917 2902 albis.
1979 2860 2040 2902 Et
2072 2860 2175 2913 quia

446 2945 534 2972 non
561 2929 728 2971 leuauit
750 2928 971 2970 vthesium
996 2929 1265 2970 attachiatus
1290 2929 1372 2970 fuit
1391 2944 1403 2978 ;
1437 2932 1479 2971 et
1502 2929 1674 2971 inuenit
1697 2929 1859 2983 plegios
1882 2929 2175 2983 respondendi

492 3011 498 3027 ¹
527 3010 587 3040 See
604 3019 660 3049 pp.
680 3010 733 3045 11,
752 3010 793 3038 12
810 3008 926 3039 above.
1388 3010 1399 3026 ⁵
1425 3009 1465 3039 In
1491 3009 1563 3040 this
1587 3019 1664 3040 case
1690 3009 1784 3040 there
1806 3019 1916 3040 seems
1933 3011 1967 3040 to
1984 3008 2072 3039 have
2089 3009 2173 3040 been

490 3055 502 3071 '-'
526 3053 752 3092 Wednesday„
771 3054 789 3082 2
807 3052 998 3083 November
1018 3052 1112 3083 1250.
1346 3061 1438 3083 some
1447 3052 1880 3092 preliminaryinquisition
1893 3053 2006 3083 before
2016 3053 2174 3092 Geoffrey

489 3099 500 3115 ³
525 3097 616 3128 Hold
650 3097 678 3127 is
711 3096 873 3136 probably
899 3106 917 3127 a
942 3095 1078 3127 clerica]
1108 3106 1198 3127 error
1224 3096 1275 3127 for
1344 3098 1378 3125 of
1403 3096 1564 3136 Langley,
1582 3096 1658 3127 who
1682 3107 1749 3128 was
1774 3096 1909 3127 warden
1935 3097 1970 3127 of
1994 3096 2051 3128 the
2069 3097 2174 3128 forest

445 3141 559 3171 Holm.
1346 3144 1379 3170 at
1397 3139 1466 3171 this
1485 3141 1577 3171 time.
1626 3142 1687 3171 See
1706 3151 1736 3180 p.
1755 3142 1805 3173 37.
1825 3143 1904 3172 note
1921 3141 1950 3170 2.

493 3186 497 3202 ¹
524 3188 541 3214 3
561 3184 704 3215 October
723 3184 817 3214 1250.
