<?xml version="1.0" encoding="UTF-8"?>
<!DOCTYPE html PUBLIC "-//W3C//DTD XHTML 1.0 Transitional//EN"
    "http://www.w3.org/TR/xhtml1/DTD/xhtml1-transitional.dtd">
<html xmlns="http://www.w3.org/1999/xhtml" xml:lang="en" lang="en">
 <head>
  <title>
</title>
<meta http-equiv="Content-Type" content="text/html;charset=utf-8" />
  <meta name='ocr-system' content='tesseract 3.04.00' />
  <meta name='ocr-capabilities' content='ocr_page ocr_carea ocr_par ocr_line ocrx_word'/>
</head>
<body>
  <div class='ocr_page' id='page_1' title='image "./selectpleasoffor00grearich_0234.png"; bbox 0 0 2421 3529; ppageno 0'>
   <div class='ocr_carea' id='block_1_1' title="bbox 243 1124 415 1154">
    <p class='ocr_par' dir='ltr' id='par_1_1' title="bbox 243 1124 415 1154">
     <span class='ocr_line' id='line_1_1' title="bbox 243 1124 415 1154; baseline 0.012 -8"><span class='ocrx_word' id='word_1_1' title='bbox 243 1124 415 1154; x_wconf 71' lang='lat' dir='ltr'>preceptum.</span> 
     </span>
    </p>
   </div>
   <div class='ocr_carea' id='block_1_2' title="bbox 241 1476 414 1506">
    <p class='ocr_par' dir='ltr' id='par_1_2' title="bbox 241 1476 414 1506">
     <span class='ocr_line' id='line_1_2' title="bbox 241 1476 414 1506; baseline 0.006 -7"><span class='ocrx_word' id='word_1_2' title='bbox 241 1476 414 1506; x_wconf 73' lang='lat' dir='ltr'>preceptum.</span> 
     </span>
    </p>
   </div>
   <div class='ocr_carea' id='block_1_3' title="bbox 483 239 1950 289">
    <p class='ocr_par' dir='ltr' id='par_1_3' title="bbox 483 239 1950 289">
     <span class='ocr_line' id='line_1_3' title="bbox 483 239 1950 289; baseline 0.004 -6"><span class='ocrx_word' id='word_1_3' title='bbox 483 239 543 283; x_wconf 76' lang='lat'>43</span> <span class='ocrx_word' id='word_1_4' title='bbox 739 252 1044 288; x_wconf 71' lang='lat' dir='ltr'>SELECTIONS</span> <span class='ocrx_word' id='word_1_5' title='bbox 1080 254 1218 288; x_wconf 67' lang='lat' dir='ltr'>rnen</span> <span class='ocrx_word' id='word_1_6' title='bbox 1255 252 1358 286; x_wconf 77' lang='lat' dir='ltr'>THE</span> <span class='ocrx_word' id='word_1_7' title='bbox 1394 253 1584 288; x_wconf 57' lang='lat' dir='ltr'>ini-{EST</span> <span class='ocrx_word' id='word_1_8' title='bbox 1619 253 1755 287; x_wconf 69' lang='lat' dir='ltr'>EYRE</span> <span class='ocrx_word' id='word_1_9' title='bbox 1792 254 1950 289; x_wconf 80' lang='lat' dir='ltr'>ROLLS</span> 
     </span>
    </p>
   </div>
   <div class='ocr_carea' id='block_1_4' title="bbox 481 364 2200 487">
    <p class='ocr_par' dir='ltr' id='par_1_4' title="bbox 481 364 2200 487">
     <span class='ocr_line' id='line_1_4' title="bbox 481 364 2200 419; baseline 0.005 -18"><span class='ocrx_word' id='word_1_10' title='bbox 481 375 708 405; x_wconf 78' lang='lat' dir='ltr'>warrenna</span> <span class='ocrx_word' id='word_1_11' title='bbox 741 364 808 406; x_wconf 86' lang='lat' dir='ltr'>die</span> <span class='ocrx_word' id='word_1_12' title='bbox 826 365 838 388; x_wconf 76' lang='lat'>1</span> <span class='ocrx_word' id='word_1_13' title='bbox 874 365 991 407; x_wconf 76' lang='lat' dir='ltr'>Iouis</span> <span class='ocrx_word' id='word_1_14' title='bbox 1013 365 1210 419; x_wconf 75' lang='lat' dir='ltr'>proxima</span> <span class='ocrx_word' id='word_1_15' title='bbox 1247 366 1349 406; x_wconf 89' lang='lat' dir='ltr'>ante</span> <span class='ocrx_word' id='word_1_16' title='bbox 1383 366 1542 406; x_wconf 79' lang='lat' dir='ltr'>festum</span> <span class='ocrx_word' id='word_1_17' title='bbox 1567 364 1893 407; x_wconf 78' lang='lat' dir='ltr'>Purificacionis</span> <span class='ocrx_word' id='word_1_18' title='bbox 1915 366 2038 409; x_wconf 78' lang='lat' dir='ltr'>beate</span> <span class='ocrx_word' id='word_1_19' title='bbox 2060 367 2200 410; x_wconf 84' lang='lat' dir='ltr'>Marie</span> 
     </span>
     <span class='ocr_line' id='line_1_5' title="bbox 481 432 2198 487; baseline 0.004 -17"><span class='ocrx_word' id='word_1_20' title='bbox 481 443 598 472; x_wconf 86' lang='lat' dir='ltr'>anno</span> <span class='ocrx_word' id='word_1_21' title='bbox 621 432 981 487; x_wconf 82' lang='lat' dir='ltr'>quinquagesimo</span> <span class='ocrx_word' id='word_1_22' title='bbox 999 434 1131 476; x_wconf 83' lang='lat' dir='ltr'>tercio</span> <span class='ocrx_word' id='word_1_23' title='bbox 1145 447 1282 475; x_wconf 88' lang='lat' dir='ltr'>vnum</span> <span class='ocrx_word' id='word_1_24' title='bbox 1305 434 1496 487; x_wconf 88' lang='lat' dir='ltr'>leporem</span> <span class='ocrx_word' id='word_1_25' title='bbox 1516 448 1525 482; x_wconf 91' lang='lat'>;</span> <span class='ocrx_word' id='word_1_26' title='bbox 1561 435 1602 474; x_wconf 92' lang='lat' dir='ltr'>et</span> <span class='ocrx_word' id='word_1_27' title='bbox 1618 433 1864 487; x_wconf 82' lang='lat' dir='ltr'>asportauit</span> <span class='ocrx_word' id='word_1_28' title='bbox 1881 434 1974 476; x_wconf 77' lang='lat' dir='ltr'>sine</span> <span class='ocrx_word' id='word_1_29' title='bbox 1989 439 2198 477; x_wconf 86' lang='lat' dir='ltr'>waranto.</span> 
     </span>
    </p>
   </div>
   <div class='ocr_carea' id='block_1_5' title="bbox 416 498 2200 557">
    <p class='ocr_par' dir='ltr' id='par_1_5' title="bbox 416 498 2200 557">
     <span class='ocr_line' id='line_1_6' title="bbox 416 498 2200 557; baseline 0.003 -18"><span class='ocrx_word' id='word_1_30' title='bbox 416 524 422 531; x_wconf 89' lang='lat'><strong>·</strong></span> <span class='ocrx_word' id='word_1_31' title='bbox 479 498 539 540; x_wconf 87' lang='lat' dir='ltr'>Et</span> <span class='ocrx_word' id='word_1_32' title='bbox 561 513 649 541; x_wconf 90' lang='lat' dir='ltr'>non</span> <span class='ocrx_word' id='word_1_33' title='bbox 672 502 791 543; x_wconf 78' lang='lat' dir='ltr'>venit</span> <span class='ocrx_word' id='word_1_34' title='bbox 813 516 891 544; x_wconf 89' lang='lat' dir='ltr'>nec</span> <span class='ocrx_word' id='word_1_35' title='bbox 915 503 997 544; x_wconf 88' lang='lat' dir='ltr'>fuit</span> <span class='ocrx_word' id='word_1_36' title='bbox 1020 501 1288 544; x_wconf 80' lang='lat' dir='ltr'>attachiatus</span> <span class='ocrx_word' id='word_1_37' title='bbox 1306 517 1315 551; x_wconf 81' lang='lat'><em>3</em></span> <span class='ocrx_word' id='word_1_38' title='bbox 1340 501 1435 542; x_wconf 80' lang='lat' dir='ltr'>ideo</span> <span class='ocrx_word' id='word_1_39' title='bbox 1457 504 1711 555; x_wconf 78' lang='lat' dir='ltr'>preceptum</span> <span class='ocrx_word' id='word_1_40' title='bbox 1734 503 1799 542; x_wconf 77' lang='lat' dir='ltr'>est</span> <span class='ocrx_word' id='word_1_41' title='bbox 1821 502 2063 545; x_wconf 78' lang='lat' dir='ltr'>vicecomiti</span> <span class='ocrx_word' id='word_1_42' title='bbox 2085 504 2200 557; x_wconf 89' lang='lat' dir='ltr'>quod</span> 
     </span>
    </p>
   </div>
   <div class='ocr_carea' id='block_1_6' title="bbox 476 567 2247 1794">
    <p class='ocr_par' dir='ltr' id='par_1_6' title="bbox 479 567 2202 817">
     <span class='ocr_line' id='line_1_7' title="bbox 480 567 2200 625; baseline 0.002 -16"><span class='ocrx_word' id='word_1_43' title='bbox 480 567 612 610; x_wconf 87' lang='lat' dir='ltr'>faciat</span> <span class='ocrx_word' id='word_1_44' title='bbox 644 583 744 610; x_wconf 88' lang='lat' dir='ltr'>eum</span> <span class='ocrx_word' id='word_1_45' title='bbox 778 570 925 612; x_wconf 89' lang='lat' dir='ltr'>venire</span> <span class='ocrx_word' id='word_1_46' title='bbox 948 570 992 611; x_wconf 87' lang='lat' dir='ltr'>in</span> <span class='ocrx_word' id='word_1_47' title='bbox 1028 571 1250 612; x_wconf 74' lang='lat' dir='ltr'>crastino²</span> <span class='ocrx_word' id='word_1_48' title='bbox 1281 572 1429 611; x_wconf 77' lang='lat' dir='ltr'>sancte</span> <span class='ocrx_word' id='word_1_49' title='bbox 1463 570 1707 611; x_wconf 72' lang='lat' dir='ltr'>Trinitatis,</span> <span class='ocrx_word' id='word_1_50' title='bbox 1770 570 1926 612; x_wconf 81' lang='lat' dir='ltr'>Postea</span> <span class='ocrx_word' id='word_1_51' title='bbox 1954 571 2074 613; x_wconf 90' lang='lat' dir='ltr'>venit</span> <span class='ocrx_word' id='word_1_52' title='bbox 2105 585 2200 625; x_wconf 89' lang='lat' dir='ltr'>pre-</span> 
     </span>
     <span class='ocr_line' id='line_1_8' title="bbox 480 636 2201 692; baseline 0.002 -15"><span class='ocrx_word' id='word_1_53' title='bbox 480 636 622 679; x_wconf 78' lang='lat' dir='ltr'>dictus</span> <span class='ocrx_word' id='word_1_54' title='bbox 656 638 875 681; x_wconf 83' lang='lat' dir='ltr'>Iohannes</span> <span class='ocrx_word' id='word_1_55' title='bbox 909 641 952 681; x_wconf 83' lang='lat' dir='ltr'>et</span> <span class='ocrx_word' id='word_1_56' title='bbox 989 640 1193 680; x_wconf 76' lang='lat' dir='ltr'>detentus</span> <span class='ocrx_word' id='word_1_57' title='bbox 1228 640 1292 680; x_wconf 79' lang='lat' dir='ltr'>est</span> <span class='ocrx_word' id='word_1_58' title='bbox 1322 639 1366 679; x_wconf 90' lang='lat' dir='ltr'>in</span> <span class='ocrx_word' id='word_1_59' title='bbox 1395 638 1586 691; x_wconf 80' lang='lat' dir='ltr'>prisona.</span> <span class='ocrx_word' id='word_1_60' title='bbox 1649 639 1709 679; x_wconf 88' lang='lat' dir='ltr'>Et</span> <span class='ocrx_word' id='word_1_61' title='bbox 1741 638 1924 679; x_wconf 76' lang='lat' dir='ltr'>eductus</span> <span class='ocrx_word' id='word_1_62' title='bbox 1956 638 2102 680; x_wconf 90' lang='lat' dir='ltr'>finiuit</span> <span class='ocrx_word' id='word_1_63' title='bbox 2124 653 2201 692; x_wconf 86' lang='lat' dir='ltr'>per</span> 
     </span>
     <span class='ocr_line' id='line_1_9' title="bbox 479 705 2202 761; baseline 0.001 -15"><span class='ocrx_word' id='word_1_64' title='bbox 479 705 668 759; x_wconf 86' lang='lat' dir='ltr'>quinque</span> <span class='ocrx_word' id='word_1_65' title='bbox 712 721 910 756; x_wconf 69' lang='lat' dir='ltr'>marcasg</span> <span class='ocrx_word' id='word_1_66' title='bbox 959 707 1089 761; x_wconf 76' lang='lat' dir='ltr'>plegii</span> <span class='ocrx_word' id='word_1_67' title='bbox 1135 707 1380 749; x_wconf 79' lang='lat' dir='ltr'>Willelmus</span> <span class='ocrx_word' id='word_1_68' title='bbox 1427 707 1478 747; x_wconf 84' lang='lat' dir='ltr'>(le</span> <span class='ocrx_word' id='word_1_69' title='bbox 1525 707 1728 748; x_wconf 86' lang='lat' dir='ltr'>Bonham</span> <span class='ocrx_word' id='word_1_70' title='bbox 1773 709 1816 748; x_wconf 87' lang='lat' dir='ltr'>et</span> <span class='ocrx_word' id='word_1_71' title='bbox 1858 706 2103 750; x_wconf 79' lang='lat' dir='ltr'>Willelmue</span> <span class='ocrx_word' id='word_1_72' title='bbox 2149 708 2202 748; x_wconf 89' lang='lat' dir='ltr'>de</span> 
     </span>
     <span class='ocr_line' id='line_1_10' title="bbox 480 774 897 817; baseline 0.005 -1"><span class='ocrx_word' id='word_1_73' title='bbox 480 774 897 817; x_wconf 70' lang='lat' dir='ltr'>Goelemanneston&#39;.</span> 
     </span>
    </p>

    <p class='ocr_par' dir='ltr' id='par_1_7' title="bbox 477 843 2203 1229">
     <span class='ocr_line' id='line_1_11' title="bbox 566 843 2202 898; baseline 0.002 -15"><span class='ocrx_word' id='word_1_74' title='bbox 566 843 876 886; x_wconf 79' lang='lat' dir='ltr'>Presentatum</span> <span class='ocrx_word' id='word_1_75' title='bbox 898 848 963 887; x_wconf 79' lang='lat' dir='ltr'>est</span> <span class='ocrx_word' id='word_1_76' title='bbox 991 848 1071 886; x_wconf 88' lang='lat' dir='ltr'>etc.</span> <span class='ocrx_word' id='word_1_77' title='bbox 1097 845 1210 898; x_wconf 79' lang='lat' dir='ltr'>quod</span> <span class='ocrx_word' id='word_1_78' title='bbox 1233 845 1451 886; x_wconf 78' lang='lat' dir='ltr'>Robertus</span> <span class='ocrx_word' id='word_1_79' title='bbox 1477 843 1593 885; x_wconf 76' lang='lat' dir='ltr'>filius</span> <span class='ocrx_word' id='word_1_80' title='bbox 1626 843 1794 897; x_wconf 81' lang='lat' dir='ltr'>Pagani</span> <span class='ocrx_word' id='word_1_81' title='bbox 1816 845 1857 885; x_wconf 90' lang='lat' dir='ltr'>et</span> <span class='ocrx_word' id='word_1_82' title='bbox 1884 844 2030 897; x_wconf 78' lang='lat' dir='ltr'>plures</span> <span class='ocrx_word' id='word_1_83' title='bbox 2053 844 2127 885; x_wconf 85' lang='lat' dir='ltr'>alii</span> <span class='ocrx_word' id='word_1_84' title='bbox 2149 844 2202 887; x_wconf 85' lang='lat' dir='ltr'>de</span> 
     </span>
     <span class='ocr_line' id='line_1_12' title="bbox 478 912 2203 967; baseline 0.002 -15"><span class='ocrx_word' id='word_1_85' title='bbox 478 912 646 954; x_wconf 86' lang='lat' dir='ltr'>familia</span> <span class='ocrx_word' id='word_1_86' title='bbox 700 926 792 963; x_wconf 80' lang='lat' dir='ltr'>sua,</span> <span class='ocrx_word' id='word_1_87' title='bbox 836 928 1023 967; x_wconf 88' lang='lat' dir='ltr'>quorum</span> <span class='ocrx_word' id='word_1_88' title='bbox 1076 914 1258 955; x_wconf 89' lang='lat' dir='ltr'>nomina</span> <span class='ocrx_word' id='word_1_89' title='bbox 1312 913 1588 967; x_wconf 74' lang='lat' dir='ltr'>ignorantur,</span> <span class='ocrx_word' id='word_1_90' title='bbox 1647 915 1856 966; x_wconf 86' lang='lat' dir='ltr'>ceperunt</span> <span class='ocrx_word' id='word_1_91' title='bbox 1910 913 1956 954; x_wconf 92' lang='lat' dir='ltr'>in</span> <span class='ocrx_word' id='word_1_92' title='bbox 2007 914 2203 967; x_wconf 84' lang='lat' dir='ltr'>predicta</span> 
     </span>
     <span class='ocr_line' id='line_1_13' title="bbox 478 981 2201 1035; baseline 0.001 -14"><span class='ocrx_word' id='word_1_93' title='bbox 478 994 706 1023; x_wconf 77' lang='lat' dir='ltr'>warrenna</span> <span class='ocrx_word' id='word_1_94' title='bbox 728 981 877 1035; x_wconf 81' lang='lat' dir='ltr'>vigilia</span> <span class='ocrx_word' id='word_1_95' title='bbox 891 983 905 1005; x_wconf 78' lang='lat'>³</span> <span class='ocrx_word' id='word_1_96' title='bbox 928 982 1069 1024; x_wconf 80' lang='lat' dir='ltr'>sancti</span> <span class='ocrx_word' id='word_1_97' title='bbox 1091 982 1360 1024; x_wconf 87' lang='lat' dir='ltr'>Bartolomei</span> <span class='ocrx_word' id='word_1_98' title='bbox 1382 995 1500 1023; x_wconf 89' lang='lat' dir='ltr'>anno</span> <span class='ocrx_word' id='word_1_99' title='bbox 1522 981 1886 1035; x_wconf 78' lang='lat' dir='ltr'>quinquagesimo</span> <span class='ocrx_word' id='word_1_100' title='bbox 1908 982 2042 1024; x_wconf 88' lang='lat' dir='ltr'>tercio</span> <span class='ocrx_word' id='word_1_101' title='bbox 2064 996 2201 1023; x_wconf 88' lang='lat' dir='ltr'>vnum</span> 
     </span>
     <span class='ocr_line' id='line_1_14' title="bbox 477 1049 2202 1103; baseline 0.002 -14"><span class='ocrx_word' id='word_1_102' title='bbox 477 1049 669 1102; x_wconf 89' lang='lat' dir='ltr'>leporem</span> <span class='ocrx_word' id='word_1_103' title='bbox 704 1051 747 1091; x_wconf 89' lang='lat' dir='ltr'>et</span> <span class='ocrx_word' id='word_1_104' title='bbox 781 1053 1123 1103; x_wconf 80' lang='lat' dir='ltr'>asportauerunt</span> <span class='ocrx_word' id='word_1_105' title='bbox 1162 1050 1255 1092; x_wconf 85' lang='lat' dir='ltr'>sine</span> <span class='ocrx_word' id='word_1_106' title='bbox 1289 1052 1500 1092; x_wconf 83' lang='lat' dir='ltr'>waranto.</span> <span class='ocrx_word' id='word_1_107' title='bbox 1563 1050 1685 1091; x_wconf 87' lang='lat' dir='ltr'>Idem</span> <span class='ocrx_word' id='word_1_108' title='bbox 1723 1050 1940 1091; x_wconf 81' lang='lat' dir='ltr'>Robertus</span> <span class='ocrx_word' id='word_1_109' title='bbox 1971 1064 2059 1092; x_wconf 89' lang='lat' dir='ltr'>non</span> <span class='ocrx_word' id='word_1_110' title='bbox 2082 1051 2202 1092; x_wconf 87' lang='lat' dir='ltr'>venit</span> 
     </span>
     <span class='ocr_line' id='line_1_15' title="bbox 477 1117 2201 1172; baseline 0.002 -15"><span class='ocrx_word' id='word_1_111' title='bbox 477 1130 555 1158; x_wconf 89' lang='lat' dir='ltr'>nec</span> <span class='ocrx_word' id='word_1_112' title='bbox 578 1117 661 1159; x_wconf 87' lang='lat' dir='ltr'>fuit</span> <span class='ocrx_word' id='word_1_113' title='bbox 685 1118 981 1168; x_wconf 82' lang='lat' dir='ltr'>attachiatus;</span> <span class='ocrx_word' id='word_1_114' title='bbox 1017 1119 1113 1160; x_wconf 89' lang='lat' dir='ltr'>ideo</span> <span class='ocrx_word' id='word_1_115' title='bbox 1149 1121 1405 1172; x_wconf 79' lang='lat' dir='ltr'>preceptum</span> <span class='ocrx_word' id='word_1_116' title='bbox 1428 1122 1494 1160; x_wconf 77' lang='lat' dir='ltr'>est</span> <span class='ocrx_word' id='word_1_117' title='bbox 1523 1118 1768 1161; x_wconf 82' lang='lat' dir='ltr'>vicecomiti</span> <span class='ocrx_word' id='word_1_118' title='bbox 1798 1119 1912 1172; x_wconf 82' lang='lat' dir='ltr'>quod</span> <span class='ocrx_word' id='word_1_119' title='bbox 1935 1119 2066 1161; x_wconf 85' lang='lat' dir='ltr'>faciat</span> <span class='ocrx_word' id='word_1_120' title='bbox 2099 1133 2201 1161; x_wconf 91' lang='lat' dir='ltr'>eum</span> 
     </span>
     <span class='ocr_line' id='line_1_16' title="bbox 478 1185 1309 1229; baseline 0.001 -3"><span class='ocrx_word' id='word_1_121' title='bbox 478 1185 625 1227; x_wconf 89' lang='lat' dir='ltr'>venire</span> <span class='ocrx_word' id='word_1_122' title='bbox 647 1187 840 1228; x_wconf 81' lang='lat' dir='ltr'>crastino</span> <span class='ocrx_word' id='word_1_123' title='bbox 855 1188 869 1209; x_wconf 75' lang='lat'><strong>²</strong></span> <span class='ocrx_word' id='word_1_124' title='bbox 892 1189 1041 1229; x_wconf 81' lang='lat' dir='ltr'>sancte</span> <span class='ocrx_word' id='word_1_125' title='bbox 1065 1187 1309 1229; x_wconf 77' lang='lat' dir='ltr'>Trinitatis.</span> 
     </span>
    </p>

    <p class='ocr_par' dir='ltr' id='par_1_8' title="bbox 476 1255 2247 1794">
     <span class='ocr_line' id='line_1_17' title="bbox 564 1255 2203 1309; baseline 0.002 -13"><span class='ocrx_word' id='word_1_126' title='bbox 564 1255 873 1297; x_wconf 82' lang='lat' dir='ltr'>Presentatum</span> <span class='ocrx_word' id='word_1_127' title='bbox 896 1258 962 1297; x_wconf 77' lang='lat' dir='ltr'>est</span> <span class='ocrx_word' id='word_1_128' title='bbox 983 1258 1064 1297; x_wconf 90' lang='lat' dir='ltr'>etc.</span> <span class='ocrx_word' id='word_1_129' title='bbox 1095 1256 1209 1309; x_wconf 83' lang='lat' dir='ltr'>quod</span> <span class='ocrx_word' id='word_1_130' title='bbox 1243 1257 1464 1297; x_wconf 76' lang='lat' dir='ltr'>Iohannes</span> <span class='ocrx_word' id='word_1_131' title='bbox 1497 1256 1595 1297; x_wconf 82' lang='lat' dir='ltr'>Triz</span> <span class='ocrx_word' id='word_1_132' title='bbox 1620 1257 1671 1298; x_wconf 89' lang='lat' dir='ltr'>de</span> <span class='ocrx_word' id='word_1_133' title='bbox 1697 1257 1935 1307; x_wconf 80' lang='lat' dir='ltr'>Iuelcestr&#39;‚</span> <span class='ocrx_word' id='word_1_134' title='bbox 1958 1258 2203 1300; x_wconf 81' lang='lat' dir='ltr'>Willelmus</span> 
     </span>
     <span class='ocr_line' id='line_1_18' title="bbox 477 1323 2202 1374; baseline 0.003 -11"><span class='ocrx_word' id='word_1_135' title='bbox 477 1323 591 1364; x_wconf 87' lang='lat' dir='ltr'>Petit</span> <span class='ocrx_word' id='word_1_136' title='bbox 614 1323 665 1364; x_wconf 88' lang='lat' dir='ltr'>de</span> <span class='ocrx_word' id='word_1_137' title='bbox 698 1324 863 1374; x_wconf 88' lang='lat' dir='ltr'>eadem,</span> <span class='ocrx_word' id='word_1_138' title='bbox 886 1325 1108 1367; x_wconf 78' lang='lat' dir='ltr'>Walterus</span> <span class='ocrx_word' id='word_1_139' title='bbox 1143 1325 1247 1366; x_wconf 65' lang='lat' dir='ltr'>Stel&lt;</span> <span class='ocrx_word' id='word_1_140' title='bbox 1271 1325 1322 1366; x_wconf 86' lang='lat' dir='ltr'>de</span> <span class='ocrx_word' id='word_1_141' title='bbox 1346 1325 1511 1374; x_wconf 83' lang='lat' dir='ltr'>eadem,</span> <span class='ocrx_word' id='word_1_142' title='bbox 1537 1327 1640 1366; x_wconf 75' lang='lat' dir='ltr'>eunt</span> <span class='ocrx_word' id='word_1_143' title='bbox 1673 1326 1872 1367; x_wconf 79' lang='lat' dir='ltr'>consueti</span> <span class='ocrx_word' id='word_1_144' title='bbox 1899 1327 2202 1368; x_wconf 77' lang='lat' dir='ltr'>malefactores</span> 
     </span>
     <span class='ocr_line' id='line_1_19' title="bbox 478 1392 2247 1447; baseline 0.002 -15"><span class='ocrx_word' id='word_1_145' title='bbox 478 1392 529 1433; x_wconf 90' lang='lat' dir='ltr'>de</span> <span class='ocrx_word' id='word_1_146' title='bbox 562 1392 796 1435; x_wconf 88' lang='lat' dir='ltr'>venacione</span> <span class='ocrx_word' id='word_1_147' title='bbox 831 1394 998 1435; x_wconf 86' lang='lat' dir='ltr'>domini</span> <span class='ocrx_word' id='word_1_148' title='bbox 1035 1394 1149 1447; x_wconf 79' lang='lat' dir='ltr'>regis</span> <span class='ocrx_word' id='word_1_149' title='bbox 1186 1394 1232 1434; x_wconf 87' lang='lat' dir='ltr'>in</span> <span class='ocrx_word' id='word_1_150' title='bbox 1266 1394 1463 1447; x_wconf 84' lang='lat' dir='ltr'>predicta</span> <span class='ocrx_word' id='word_1_151' title='bbox 1485 1408 1705 1436; x_wconf 83' lang='lat' dir='ltr'>warenna.</span> <span class='ocrx_word' id='word_1_152' title='bbox 1768 1395 1828 1436; x_wconf 88' lang='lat' dir='ltr'>Et</span> <span class='ocrx_word' id='word_1_153' title='bbox 1865 1409 1955 1436; x_wconf 87' lang='lat' dir='ltr'>non</span> <span class='ocrx_word' id='word_1_154' title='bbox 1983 1398 2202 1436; x_wconf 88' lang='lat' dir='ltr'>venerunt</span> <span class='ocrx_word' id='word_1_155' title='bbox 2245 1414 2247 1417; x_wconf 59' lang='grc'>’</span> 
     </span>
     <span class='ocr_line' id='line_1_20' title="bbox 476 1461 2202 1516; baseline 0.002 -15"><span class='ocrx_word' id='word_1_156' title='bbox 476 1475 555 1502; x_wconf 91' lang='lat' dir='ltr'>nec</span> <span class='ocrx_word' id='word_1_157' title='bbox 592 1461 771 1503; x_wconf 85' lang='lat' dir='ltr'>fuerunt</span> <span class='ocrx_word' id='word_1_158' title='bbox 807 1462 1067 1511; x_wconf 87' lang='lat' dir='ltr'>attachiati;</span> <span class='ocrx_word' id='word_1_159' title='bbox 1104 1462 1200 1503; x_wconf 86' lang='lat' dir='ltr'>ideo</span> <span class='ocrx_word' id='word_1_160' title='bbox 1231 1465 1485 1516; x_wconf 83' lang='lat' dir='ltr'>preceptum</span> <span class='ocrx_word' id='word_1_161' title='bbox 1522 1465 1587 1504; x_wconf 78' lang='lat' dir='ltr'>est</span> <span class='ocrx_word' id='word_1_162' title='bbox 1628 1463 1872 1504; x_wconf 86' lang='lat' dir='ltr'>vicecomiti</span> <span class='ocrx_word' id='word_1_163' title='bbox 1914 1463 2028 1516; x_wconf 86' lang='lat' dir='ltr'>quod</span> <span class='ocrx_word' id='word_1_164' title='bbox 2070 1463 2202 1505; x_wconf 83' lang='lat' dir='ltr'>faciat</span> 
     </span>
     <span class='ocr_line' id='line_1_21' title="bbox 477 1530 2200 1583; baseline 0.002 -13"><span class='ocrx_word' id='word_1_165' title='bbox 477 1530 624 1571; x_wconf 86' lang='lat' dir='ltr'>venire</span> <span class='ocrx_word' id='word_1_166' title='bbox 646 1530 862 1583; x_wconf 83' lang='lat' dir='ltr'>predictos</span> <span class='ocrx_word' id='word_1_167' title='bbox 877 1531 1122 1573; x_wconf 86' lang='lat' dir='ltr'>Iohannem</span> <span class='ocrx_word' id='word_1_168' title='bbox 1138 1532 1179 1572; x_wconf 90' lang='lat' dir='ltr'>et</span> <span class='ocrx_word' id='word_1_169' title='bbox 1198 1532 1467 1574; x_wconf 88' lang='lat' dir='ltr'>Willelmum</span> <span class='ocrx_word' id='word_1_170' title='bbox 1485 1531 1530 1572; x_wconf 89' lang='lat' dir='ltr'>in</span> <span class='ocrx_word' id='word_1_171' title='bbox 1546 1532 1739 1574; x_wconf 82' lang='lat' dir='ltr'>crastino</span> <span class='ocrx_word' id='word_1_172' title='bbox 1756 1534 1770 1556; x_wconf 82' lang='lat'>2</span> <span class='ocrx_word' id='word_1_173' title='bbox 1788 1536 1937 1574; x_wconf 82' lang='lat' dir='ltr'>sancte</span> <span class='ocrx_word' id='word_1_174' title='bbox 1955 1532 2200 1575; x_wconf 74' lang='lat' dir='ltr'>Trinitatis.</span> 
     </span>
     <span class='ocr_line' id='line_1_22' title="bbox 476 1599 2203 1654; baseline 0.002 -15"><span class='ocrx_word' id='word_1_175' title='bbox 476 1599 537 1640; x_wconf 87' lang='lat' dir='ltr'>Et</span> <span class='ocrx_word' id='word_1_176' title='bbox 558 1599 780 1652; x_wconf 83' lang='lat' dir='ltr'>predictus</span> <span class='ocrx_word' id='word_1_177' title='bbox 802 1600 1024 1642; x_wconf 85' lang='lat' dir='ltr'>Walterus</span> <span class='ocrx_word' id='word_1_178' title='bbox 1054 1614 1143 1641; x_wconf 91' lang='lat' dir='ltr'>non</span> <span class='ocrx_word' id='word_1_179' title='bbox 1176 1603 1241 1641; x_wconf 80' lang='lat' dir='ltr'>est</span> <span class='ocrx_word' id='word_1_180' title='bbox 1279 1600 1516 1650; x_wconf 46' lang='lat' dir='ltr'>inuentum</span> <span class='ocrx_word' id='word_1_181' title='bbox 1550 1601 1646 1642; x_wconf 86' lang='lat' dir='ltr'>ideo</span> <span class='ocrx_word' id='word_1_182' title='bbox 1680 1601 1878 1654; x_wconf 82' lang='lat' dir='ltr'>exigatur</span> <span class='ocrx_word' id='word_1_183' title='bbox 1901 1603 1981 1643; x_wconf 89' lang='lat' dir='ltr'>etc.</span> <span class='ocrx_word' id='word_1_184' title='bbox 2044 1602 2203 1643; x_wconf 81' lang='lat' dir='ltr'>Postea</span> 
     </span>
     <span class='ocr_line' id='line_1_23' title="bbox 476 1667 2202 1724; baseline 0.001 -14"><span class='ocrx_word' id='word_1_185' title='bbox 476 1667 596 1710; x_wconf 87' lang='lat' dir='ltr'>venit</span> <span class='ocrx_word' id='word_1_186' title='bbox 630 1668 851 1721; x_wconf 81' lang='lat' dir='ltr'>predictus</span> <span class='ocrx_word' id='word_1_187' title='bbox 883 1669 1129 1711; x_wconf 82' lang='lat' dir='ltr'>Willelmus</span> <span class='ocrx_word' id='word_1_188' title='bbox 1164 1669 1202 1711; x_wconf 90' lang='lat' dir='ltr'>le</span> <span class='ocrx_word' id='word_1_189' title='bbox 1232 1669 1347 1711; x_wconf 85' lang='lat' dir='ltr'>Petit</span> <span class='ocrx_word' id='word_1_190' title='bbox 1385 1672 1426 1711; x_wconf 88' lang='lat' dir='ltr'>et</span> <span class='ocrx_word' id='word_1_191' title='bbox 1463 1670 1666 1711; x_wconf 81' lang='lat' dir='ltr'>detentus</span> <span class='ocrx_word' id='word_1_192' title='bbox 1704 1672 1768 1712; x_wconf 84' lang='lat' dir='ltr'>est</span> <span class='ocrx_word' id='word_1_193' title='bbox 1806 1670 1851 1711; x_wconf 92' lang='lat' dir='ltr'>in</span> <span class='ocrx_word' id='word_1_194' title='bbox 1888 1670 2078 1724; x_wconf 80' lang='lat' dir='ltr'>prisona.</span> <span class='ocrx_word' id='word_1_195' title='bbox 2141 1671 2202 1712; x_wconf 90' lang='lat' dir='ltr'>Et</span> 
     </span>
     <span class='ocr_line' id='line_1_24' title="bbox 477 1737 2131 1794; baseline 0.002 -17"><span class='ocrx_word' id='word_1_196' title='bbox 477 1737 698 1790; x_wconf 79' lang='lat' dir='ltr'>predictus</span> <span class='ocrx_word' id='word_1_197' title='bbox 721 1738 942 1780; x_wconf 79' lang='lat' dir='ltr'>Iohannes</span> <span class='ocrx_word' id='word_1_198' title='bbox 966 1738 1064 1780; x_wconf 86' lang='lat' dir='ltr'>Triz</span> <span class='ocrx_word' id='word_1_199' title='bbox 1087 1738 1208 1780; x_wconf 89' lang='lat' dir='ltr'>venit</span> <span class='ocrx_word' id='word_1_200' title='bbox 1227 1738 1428 1780; x_wconf 76' lang='lat' dir='ltr'>similiter</span> <span class='ocrx_word' id='word_1_201' title='bbox 1449 1754 1458 1788; x_wconf 88' lang='lat'>;</span> <span class='ocrx_word' id='word_1_202' title='bbox 1493 1741 1535 1781; x_wconf 85' lang='lat' dir='ltr'>et</span> <span class='ocrx_word' id='word_1_203' title='bbox 1558 1739 1761 1781; x_wconf 78' lang='lat' dir='ltr'>detentus</span> <span class='ocrx_word' id='word_1_204' title='bbox 1784 1741 1848 1781; x_wconf 78' lang='lat' dir='ltr'>est</span> <span class='ocrx_word' id='word_1_205' title='bbox 1871 1739 1917 1780; x_wconf 89' lang='lat' dir='ltr'>in</span> <span class='ocrx_word' id='word_1_206' title='bbox 1940 1739 2131 1794; x_wconf 77' lang='lat' dir='ltr'>prisona.</span> 
     </span>
    </p>
   </div>
   <div class='ocr_carea' id='block_1_7' title="bbox 1279 2078 1394 2120">
    <p class='ocr_par' dir='ltr' id='par_1_9' title="bbox 1279 2078 1394 2120">
     <span class='ocr_line' id='line_1_25' title="bbox 1279 2078 1394 2120; baseline -0.009 0"><span class='ocrx_word' id='word_1_207' title='bbox 1279 2078 1394 2120; x_wconf 75' lang='lat' dir='ltr'>VII.⁴</span> 
     </span>
    </p>
   </div>
   <div class='ocr_carea' id='block_1_8' title="bbox 478 2184 2203 2717">
    <p class='ocr_par' dir='ltr' id='par_1_10' title="bbox 478 2184 2203 2717">
     <span class='ocr_line' id='line_1_26' title="bbox 478 2184 2202 2229; baseline 0.002 -4"><span class='ocrx_word' id='word_1_208' title='bbox 478 2184 725 2227; x_wconf 83' lang='lat' dir='ltr'>PLACITA</span> <span class='ocrx_word' id='word_1_209' title='bbox 748 2184 825 2225; x_wconf 88' lang='lat' dir='ltr'>DE</span> <span class='ocrx_word' id='word_1_210' title='bbox 851 2184 1187 2226; x_wconf 81' lang='lat' dir='ltr'>VENACIONE</span> <span class='ocrx_word' id='word_1_211' title='bbox 1213 2185 1273 2225; x_wconf 90' lang='lat' dir='ltr'>IN</span> <span class='ocrx_word' id='word_1_212' title='bbox 1299 2185 1595 2227; x_wconf 83' lang='lat' dir='ltr'>COMI&#39;I&#39;A&#39;I&#39;U</span> <span class='ocrx_word' id='word_1_213' title='bbox 1628 2185 1958 2228; x_wconf 84' lang='lat' dir='ltr'><strong>ROTELAND&#39;</strong></span> <span class='ocrx_word' id='word_1_214' title='bbox 1981 2187 2202 2229; x_wconf 80' lang='lat' dir='ltr'>AUDITA</span> 
     </span>
     <span class='ocr_line' id='line_1_27' title="bbox 566 2253 2203 2299; baseline 0.002 -5"><span class='ocrx_word' id='word_1_215' title='bbox 566 2254 722 2295; x_wconf 85' lang='lat' dir='ltr'><strong>APUD</strong></span> <span class='ocrx_word' id='word_1_216' title='bbox 785 2253 997 2295; x_wconf 78' lang='lat' dir='ltr'><strong>OKHAM</strong></span> <span class='ocrx_word' id='word_1_217' title='bbox 1059 2254 1119 2294; x_wconf 92' lang='lat' dir='ltr'>IN</span> <span class='ocrx_word' id='word_1_218' title='bbox 1185 2254 1503 2296; x_wconf 81' lang='lat' dir='ltr'>CRASTINO⁵</span> <span class='ocrx_word' id='word_1_219' title='bbox 1560 2255 1935 2298; x_wconf 83' lang='lat' dir='ltr'>NATIUITATIS</span> <span class='ocrx_word' id='word_1_220' title='bbox 1998 2256 2203 2299; x_wconf 80' lang='lat' dir='ltr'>SANCTI</span> 
     </span>
     <span class='ocr_line' id='line_1_28' title="bbox 565 2322 2203 2367; baseline 0.001 -4"><span class='ocrx_word' id='word_1_221' title='bbox 565 2322 851 2364; x_wconf 76' lang='lat' dir='ltr'>IOHANNIS</span> <span class='ocrx_word' id='word_1_222' title='bbox 904 2322 1191 2364; x_wconf 82' lang='lat' dir='ltr'><strong>BAPTISTE</strong></span> <span class='ocrx_word' id='word_1_223' title='bbox 1241 2322 1439 2364; x_wconf 79' lang='lat' dir='ltr'>CORAM</span> <span class='ocrx_word' id='word_1_224' title='bbox 1486 2323 1722 2365; x_wconf 80' lang='lat' dir='ltr'>ROGERO</span> <span class='ocrx_word' id='word_1_225' title='bbox 1776 2323 1853 2364; x_wconf 88' lang='lat' dir='ltr'>DE</span> <span class='ocrx_word' id='word_1_226' title='bbox 1909 2324 2203 2367; x_wconf 83' lang='lat' dir='ltr'>CLIFFORD</span> 
     </span>
     <span class='ocr_line' id='line_1_29' title="bbox 565 2391 2202 2435; baseline 0.001 -3"><span class='ocrx_word' id='word_1_227' title='bbox 565 2391 814 2433; x_wconf 84' lang='lat' dir='ltr'><strong>MATHEO</strong></span> <span class='ocrx_word' id='word_1_228' title='bbox 857 2391 935 2431; x_wconf 88' lang='lat' dir='ltr'>DE</span> <span class='ocrx_word' id='word_1_229' title='bbox 987 2391 1321 2433; x_wconf 80' lang='lat' dir='ltr'><strong>COLUMBAR’</strong></span> <span class='ocrx_word' id='word_1_230' title='bbox 1376 2391 1673 2433; x_wconf 83' lang='lat' dir='ltr'>NICHOLAO</span> <span class='ocrx_word' id='word_1_231' title='bbox 1724 2392 1803 2432; x_wconf 89' lang='lat' dir='ltr'>DE</span> <span class='ocrx_word' id='word_1_232' title='bbox 1858 2393 2072 2435; x_wconf 82' lang='lat' dir='ltr'><strong>ROMES’</strong></span> <span class='ocrx_word' id='word_1_233' title='bbox 2126 2394 2202 2434; x_wconf 85' lang='lat' dir='ltr'>ET</span> 
     </span>
     <span class='ocr_line' id='line_1_30' title="bbox 566 2460 2203 2503; baseline 0.001 -2"><span class='ocrx_word' id='word_1_234' title='bbox 566 2460 912 2502; x_wconf 84' lang='lat' dir='ltr'><strong>REGINALDO</strong></span> <span class='ocrx_word' id='word_1_235' title='bbox 956 2460 1034 2500; x_wconf 94' lang='lat' dir='ltr'>DE</span> <span class='ocrx_word' id='word_1_236' title='bbox 1079 2460 1237 2500; x_wconf 83' lang='lat' dir='ltr'><strong>AKLE</strong></span> <span class='ocrx_word' id='word_1_237' title='bbox 1288 2460 1698 2503; x_wconf 73' lang='lat' dir='ltr'>IUSTICIARIISG</span> <span class='ocrx_word' id='word_1_238' title='bbox 1741 2461 2203 2503; x_wconf 79' lang='lat' dir='ltr'>ITINERANTIBUS</span> 
     </span>
     <span class='ocr_line' id='line_1_31' title="bbox 568 2528 2203 2572; baseline 0.001 -3"><span class='ocrx_word' id='word_1_239' title='bbox 568 2530 645 2569; x_wconf 86' lang='lat' dir='ltr'>AD</span> <span class='ocrx_word' id='word_1_240' title='bbox 698 2529 946 2571; x_wconf 85' lang='lat' dir='ltr'>PLACITA</span> <span class='ocrx_word' id='word_1_241' title='bbox 998 2528 1265 2571; x_wconf 82' lang='lat' dir='ltr'><strong>FORESTE</strong></span> <span class='ocrx_word' id='word_1_242' title='bbox 1320 2530 1380 2569; x_wconf 91' lang='lat' dir='ltr'>IN</span> <span class='ocrx_word' id='word_1_243' title='bbox 1434 2529 1646 2571; x_wconf 87' lang='lat' dir='ltr'><strong>EODEM</strong></span> <span class='ocrx_word' id='word_1_244' title='bbox 1698 2529 1994 2572; x_wconf 81' lang='lat' dir='ltr'><strong>COMITATU</strong></span> <span class='ocrx_word' id='word_1_245' title='bbox 2047 2531 2203 2571; x_wconf 89' lang='lat' dir='ltr'>ANNO</span> 
     </span>
     <span class='ocr_line' id='line_1_32' title="bbox 568 2597 2202 2651; baseline 0.001 -13"><span class='ocrx_word' id='word_1_246' title='bbox 568 2598 754 2638; x_wconf 81' lang='lat' dir='ltr'>REGNI</span> <span class='ocrx_word' id='word_1_247' title='bbox 796 2597 977 2639; x_wconf 82' lang='lat' dir='ltr'><strong>REGIS</strong></span> <span class='ocrx_word' id='word_1_248' title='bbox 1022 2598 1275 2639; x_wconf 83' lang='lat' dir='ltr'>HENRICI</span> <span class='ocrx_word' id='word_1_249' title='bbox 1317 2598 1464 2638; x_wconf 84' lang='lat' dir='ltr'>FILII</span> <span class='ocrx_word' id='word_1_250' title='bbox 1506 2598 1686 2640; x_wconf 82' lang='lat' dir='ltr'><strong>REGIS</strong></span> <span class='ocrx_word' id='word_1_251' title='bbox 1721 2599 2005 2641; x_wconf 81' lang='lat' dir='ltr'>IOHANNIS</span> <span class='ocrx_word' id='word_1_252' title='bbox 2043 2599 2202 2651; x_wconf 75' lang='lat' dir='ltr'>QUIN-</span> 
     </span>
     <span class='ocr_line' id='line_1_33' title="bbox 570 2665 1178 2717; baseline -0.002 -10"><span class='ocrx_word' id='word_1_253' title='bbox 570 2666 916 2717; x_wconf 76' lang='lat' dir='ltr'><strong>QUAGESIMO</strong></span> <span class='ocrx_word' id='word_1_254' title='bbox 950 2665 1178 2707; x_wconf 79' lang='lat' dir='ltr'>TERCIO.</span> 
     </span>
    </p>
   </div>
   <div class='ocr_carea' id='block_1_9' title="bbox 480 2789 2205 2912">
    <p class='ocr_par' dir='ltr' id='par_1_11' title="bbox 480 2789 2205 2912">
     <span class='ocr_line' id='line_1_34' title="bbox 567 2789 2203 2844; baseline 0.001 -15"><span class='ocrx_word' id='word_1_255' title='bbox 567 2789 877 2829; x_wconf 74' lang='lat' dir='ltr'>Presentatum</span> <span class='ocrx_word' id='word_1_256' title='bbox 911 2790 975 2829; x_wconf 75' lang='lat' dir='ltr'>est</span> <span class='ocrx_word' id='word_1_257' title='bbox 1011 2792 1052 2830; x_wconf 88' lang='lat' dir='ltr'>et</span> <span class='ocrx_word' id='word_1_258' title='bbox 1085 2789 1335 2831; x_wconf 86' lang='lat' dir='ltr'>conuictum</span> <span class='ocrx_word' id='word_1_259' title='bbox 1370 2804 1445 2844; x_wconf 79' lang='lat' dir='ltr'>per</span> <span class='ocrx_word' id='word_1_260' title='bbox 1480 2791 1659 2832; x_wconf 88' lang='lat' dir='ltr'>Petrum</span> <span class='ocrx_word' id='word_1_261' title='bbox 1693 2790 1744 2832; x_wconf 87' lang='lat' dir='ltr'>de</span> <span class='ocrx_word' id='word_1_262' title='bbox 1777 2790 1949 2840; x_wconf 88' lang='lat' dir='ltr'>Neuill’,</span> <span class='ocrx_word' id='word_1_263' title='bbox 1973 2791 2203 2844; x_wconf 85' lang='lat' dir='ltr'>capitalem</span> 
     </span>
     <span class='ocr_line' id='line_1_35' title="bbox 480 2856 2205 2912; baseline 0.001 -13"><span class='ocrx_word' id='word_1_264' title='bbox 480 2856 758 2899; x_wconf 74' lang='lat' dir='ltr'>forestarium</span> <span class='ocrx_word' id='word_1_265' title='bbox 784 2857 941 2904; x_wconf 79' lang='lat' dir='ltr'>foreste</span> <span class='ocrx_word' id='word_1_266' title='bbox 964 2856 1199 2898; x_wconf 76' lang='lat' dir='ltr'>comitatus</span> <span class='ocrx_word' id='word_1_267' title='bbox 1222 2859 1466 2909; x_wconf 82' lang='lat' dir='ltr'>Roteland&#39;‚</span> <span class='ocrx_word' id='word_1_268' title='bbox 1491 2861 1533 2900; x_wconf 90' lang='lat' dir='ltr'>et</span> <span class='ocrx_word' id='word_1_269' title='bbox 1559 2873 1635 2912; x_wconf 89' lang='lat' dir='ltr'>per</span> <span class='ocrx_word' id='word_1_270' title='bbox 1667 2859 1909 2900; x_wconf 89' lang='lat' dir='ltr'>Henricum</span> <span class='ocrx_word' id='word_1_271' title='bbox 1943 2859 2137 2901; x_wconf 83' lang='lat' dir='ltr'>Mordak’</span> <span class='ocrx_word' id='word_1_272' title='bbox 2162 2862 2205 2900; x_wconf 90' lang='lat' dir='ltr'>et</span> 
     </span>
    </p>
   </div>
   <div class='ocr_carea' id='block_1_10' title="bbox 481 2957 2203 3165">
    <p class='ocr_par' dir='ltr' id='par_1_12' title="bbox 526 2957 1896 3000">
     <span class='ocr_line' id='line_1_36' title="bbox 526 2957 1896 3000; baseline 0.002 -12"><span class='ocrx_word' id='word_1_273' title='bbox 526 2959 531 2975; x_wconf 90' lang='lat'>¹</span> <span class='ocrx_word' id='word_1_274' title='bbox 560 2959 599 2988; x_wconf 85' lang='lat'>31</span> <span class='ocrx_word' id='word_1_275' title='bbox 619 2958 773 2996; x_wconf 76' lang='lat' dir='ltr'>January</span> <span class='ocrx_word' id='word_1_276' title='bbox 792 2957 882 2997; x_wconf 52' lang='lat'>1262.</span> <span class='ocrx_word' id='word_1_277' title='bbox 1421 2962 1432 2977; x_wconf 75' lang='lat'><strong>⁵</strong></span> <span class='ocrx_word' id='word_1_278' title='bbox 1457 2959 1616 3000; x_wconf 75' lang='lat' dir='ltr'>Monday,</span> <span class='ocrx_word' id='word_1_279' title='bbox 1634 2961 1675 2990; x_wconf 83' lang='lat'>25</span> <span class='ocrx_word' id='word_1_280' title='bbox 1693 2961 1782 2991; x_wconf 84' lang='lat' dir='ltr'>June</span> <span class='ocrx_word' id='word_1_281' title='bbox 1801 2961 1896 2992; x_wconf 81' lang='lat'><strong>1269.</strong></span> 
     </span>
    </p>

    <p class='ocr_par' dir='ltr' id='par_1_13' title="bbox 523 3001 2203 3044">
     <span class='ocr_line' id='line_1_37' title="bbox 523 3001 2203 3044; baseline 0.002 -13"><span class='ocrx_word' id='word_1_282' title='bbox 523 3004 534 3019; x_wconf 75' lang='lat'><strong>²</strong></span> <span class='ocrx_word' id='word_1_283' title='bbox 560 3001 721 3040; x_wconf 74' lang='lat' dir='ltr'>Monday,</span> <span class='ocrx_word' id='word_1_284' title='bbox 739 3004 757 3030; x_wconf 67' lang='grc'>1»</span> <span class='ocrx_word' id='word_1_285' title='bbox 776 3001 865 3031; x_wconf 78' lang='lat' dir='ltr'>June</span> <span class='ocrx_word' id='word_1_286' title='bbox 885 3002 980 3032; x_wconf 78' lang='lat'>1270.</span> <span class='ocrx_word' id='word_1_287' title='bbox 1421 3005 1432 3020; x_wconf 80' lang='lat'>‘⁵</span> <span class='ocrx_word' id='word_1_288' title='bbox 1457 3003 1529 3034; x_wconf 84' lang='lat' dir='ltr'>The</span> <span class='ocrx_word' id='word_1_289' title='bbox 1569 3004 1685 3034; x_wconf 80' lang='lat' dir='ltr'>letters</span> <span class='ocrx_word' id='word_1_290' title='bbox 1718 3007 1839 3043; x_wconf 86' lang='lat' dir='ltr'>patent</span> <span class='ocrx_word' id='word_1_291' title='bbox 1871 3004 2075 3044; x_wconf 82' lang='lat' dir='ltr'>appointing</span> <span class='ocrx_word' id='word_1_292' title='bbox 2106 3004 2203 3035; x_wconf 78' lang='lat' dir='ltr'>these</span> 
     </span>
    </p>

    <p class='ocr_par' dir='ltr' id='par_1_14' title="bbox 525 3044 2203 3086">
     <span class='ocr_line' id='line_1_38' title="bbox 525 3044 2203 3086; baseline 0.002 -11"><span class='ocrx_word' id='word_1_293' title='bbox 525 3046 535 3062; x_wconf 76' lang='lat'>³</span> <span class='ocrx_word' id='word_1_294' title='bbox 559 3044 695 3083; x_wconf 58' lang='lat' dir='ltr'>Friday,</span> <span class='ocrx_word' id='word_1_295' title='bbox 714 3046 754 3074; x_wconf 72' lang='lat'>23</span> <span class='ocrx_word' id='word_1_296' title='bbox 772 3045 904 3083; x_wconf 72' lang='lat' dir='ltr'>August</span> <span class='ocrx_word' id='word_1_297' title='bbox 924 3046 1018 3075; x_wconf 69' lang='lat'>1269.</span> <span class='ocrx_word' id='word_1_298' title='bbox 1378 3057 1521 3086; x_wconf 58' lang='lat' dir='ltr'>persons</span> <span class='ocrx_word' id='word_1_299' title='bbox 1546 3047 1710 3078; x_wconf 82' lang='lat' dir='ltr'>itinerant</span> <span class='ocrx_word' id='word_1_300' title='bbox 1727 3048 1869 3086; x_wconf 72' lang='lat' dir='ltr'>justices</span> <span class='ocrx_word' id='word_1_301' title='bbox 1887 3058 1942 3078; x_wconf 85' lang='lat' dir='ltr'>are</span> <span class='ocrx_word' id='word_1_302' title='bbox 1961 3047 2060 3079; x_wconf 82' lang='lat' dir='ltr'>dated</span> <span class='ocrx_word' id='word_1_303' title='bbox 2079 3049 2097 3079; x_wconf 78' lang='lat'>9</span> <span class='ocrx_word' id='word_1_304' title='bbox 2114 3048 2203 3078; x_wconf 80' lang='lat' dir='ltr'>June</span> 
     </span>
    </p>

    <p class='ocr_par' dir='ltr' id='par_1_15' title="bbox 481 3088 2201 3165">
     <span class='ocr_line' id='line_1_39' title="bbox 526 3088 2201 3130; baseline 0.001 -12"><span class='ocrx_word' id='word_1_305' title='bbox 526 3089 535 3104; x_wconf 80' lang='lat'>⁴</span> <span class='ocrx_word' id='word_1_306' title='bbox 560 3088 1308 3130; x_wconf 56' lang='lat' dir='ltr'>Fores?l’rocecclinqs,TwraszcrynjRecez&#39;pt,</span> <span class='ocrx_word' id='word_1_307' title='bbox 1380 3092 1475 3124; x_wconf 61' lang='lat'>1269,</span> <span class='ocrx_word' id='word_1_308' title='bbox 1500 3090 1567 3121; x_wconf 79' lang='lat' dir='ltr'>and</span> <span class='ocrx_word' id='word_1_309' title='bbox 1592 3101 1647 3122; x_wconf 81' lang='lat' dir='ltr'>are</span> <span class='ocrx_word' id='word_1_310' title='bbox 1672 3091 1821 3122; x_wconf 80' lang='lat' dir='ltr'>enrolled</span> <span class='ocrx_word' id='word_1_311' title='bbox 1846 3101 1889 3122; x_wconf 88' lang='lat' dir='ltr'>on</span> <span class='ocrx_word' id='word_1_312' title='bbox 1914 3092 2037 3123; x_wconf 80' lang='lat' dir='ltr'>Patent</span> <span class='ocrx_word' id='word_1_313' title='bbox 2055 3091 2130 3122; x_wconf 87' lang='lat' dir='ltr'>Roll</span> <span class='ocrx_word' id='word_1_314' title='bbox 2149 3093 2201 3127; x_wconf 72' lang='lat'>3⁴3,</span> 
     </span>
     <span class='ocr_line' id='line_1_40' title="bbox 481 3131 1492 3165; baseline 0.002 -3"><span class='ocrx_word' id='word_1_315' title='bbox 481 3132 542 3162; x_wconf 71' lang='lat' dir='ltr'>No.</span> <span class='ocrx_word' id='word_1_316' title='bbox 563 3131 634 3162; x_wconf 52' lang='lat'>1110.</span> <span class='ocrx_word' id='word_1_317' title='bbox 1379 3144 1422 3164; x_wconf 83' lang='lat' dir='ltr'>m.</span> <span class='ocrx_word' id='word_1_318' title='bbox 1446 3135 1492 3165; x_wconf 72' lang='lat'>12.</span> 
     </span>
    </p>
   </div>
  </div>
 </body>
</html>
