2421 3529
236 1125 256 1155 ij
273 1125 320 1148 ÷01.
335 1124 376 1154 iiij
391 1124 415 1148 d.

235 1193 271 1216 ad
288 1191 433 1215 iudicium.

240 1758 280 1787 iiij
297 1764 397 1782 marce.

241 1967 275 1990 ad
295 1966 439 1989 iudicium.

462 236 521 281 »530
717 246 1022 282 SELECTIONS
1058 246 1197 281 FROM
1233 245 1334 281 THE
1372 246 1563 281 FOREST
1599 245 1736 280 EYRE
1773 245 1934 280 RoLLs

549 360 671 402 Idem
695 361 851 402 Petrus
874 359 1168 414 inprisonauit
1185 360 1363 401 Petrum
1382 360 1521 401 filium
1546 357 1826 401 Constantini
1845 358 1896 399 de
1919 358 2183 412 Lydington’

461 444 536 483 per
560 430 668 471 duos
691 430 781 472 dies
814 433 856 472 et
887 430 996 471 duas
1028 432 1177 470 noctes
1209 430 1326 483 apud
1349 428 1676 471 Athelakeston'
1702 426 1965 483 [vinctum]l
1990 427 2188 469 cathenis

463 499 612 541 ferreis
635 514 713 554 pro
737 500 981 554 suspicione
1000 499 1219 552 capcionis
1234 499 1460 540 cuiusdem
1484 496 1673 539 cuniculi
1687 496 1731 537 in
1755 496 1945 538 Estwod’
1965 512 1974 546 ;
2009 499 2051 538 et
2073 497 2189 537 idem

463 569 620 610 Pet-rus
655 569 772 610 filius
807 567 1089 611 Constantini
1124 567 1242 609 dedit
1275 567 1529 609 hominibus
1562 565 1746 619 predicti
1782 566 1901 607 Petri
1933 566 1984 607 de
2017 565 2188 614 Neuill’‚

464 638 538 691 qui
580 638 885 680 custodiebant
921 637 1046 677 illum
1083 636 1192 677 duos
1211 637 1224 658 ²
1262 636 1477 685 denarios,
1510 649 1589 688 pro
1631 648 1680 676 eo
1723 635 1836 687 quod
1873 635 2187 689 permittebant

464 707 609 760 ipsum
632 707 778 748 sedere
802 720 930 760 super
954 705 1176 759 quandam
1201 706 1387 747 formam
1410 705 1455 745 in
1475 704 1628 759 gayola
1650 704 1788 758 ipsius
1811 704 1930 746 Petri
1953 718 2035 758 que
2055 705 2186 758 plena

466 779 530 817 est
554 790 667 829 aqua
689 776 735 817 in
758 776 907 817 fundo.
969 775 1030 816 Et
1047 775 1062 797 ³

554 845 675 886 Idem
698 845 854 886 Petrus
877 843 1173 898 inprisonauit
1195 843 1436 885 Robertum
1460 842 1511 884 de
1535 842 1692 884 Pilton’
1717 842 1834 896 apud
1857 842 2184 884 Athelakeston’

465 913 510 954 in
546 913 744 956 cathenis
779 909 929 956 ferreis
963 928 1041 967 pro
1078 913 1425 966 transgressione
1461 913 1619 954 foreste
1653 926 1786 965 quam
1822 912 2031 966 imposuit
2050 927 2060 961 3
2106 910 2186 967 [et]

467 983 724 1024 deliberauit
746 982 891 1037 ipsum
908 983 1000 1024 sine
1015 984 1236 1031 warant03
1272 984 1313 1023 et
1337 982 1449 1036 cepit
1472 981 1526 1023 ab
1549 995 1598 1023 eo
1613 981 1768 1034 viginti
1790 984 1832 1023 et
1855 982 1962 1024 duos
1985 982 2187 1023 denarios

468 1066 546 1105 pro
580 1052 778 1093 cust-odia
812 1052 1000 1093 duorum
1044 1066 1256 1105 equorum
1303 1051 1442 1105 ipsius
1476 1051 1670 1100 Roberti,
1704 1065 1811 1104 quos
1854 1051 2042 1092 detinuit
2086 1051 2192 1091 dum

470 1121 629 1176 [tenuit
663 1121 829 1177 ipsum]
856 1122 902 1162 in
931 1121 1111 1174 prisona
1138 1123 1180 1162 et
1213 1125 1400 1174 quatuor
1431 1119 1634 1162 denarios
1663 1121 1718 1161 ad
1753 1120 1916 1162 exitum
1949 1123 2073 1174 porte
2105 1134 2194 1161 sue.

470 1190 591 1231 Idem
616 1191 772 1231 Petrus
796 1190 1057 1243 respondeat
1081 1190 1133 1231 de
1155 1190 1347 1231 denariis
1369 1205 1376 1238 ;
1412 1192 1454 1231 et
1477 1189 1531 1231 ad
1555 1189 1768 1230 iudicium
1792 1190 1843 1231 de
1866 1203 1914 1231 eo
1937 1192 2017 1231 etc.

559 1260 681 1301 Idem
716 1260 873 1301 Petrus
908 1259 1022 1314 cepit
1057 1259 1109 1301 de
1140 1260 1331 1301 Roberto
1366 1259 1417 1301 de
1453 1259 1606 1300 Neuill'
1641 1262 1684 1300 et
1717 1259 1919 1308 Radulfo,
1944 1259 2077 1300 fratre
2101 1272 2194 1309 suo,

470 1329 654 1381 triginta
677 1343 849 1370 marcas
872 1343 950 1382 pro
973 1329 1321 1382 transgressione
1355 1329 1512 1370 foreste
1544 1342 1676 1382 quam
1698 1328 1908 1382 imposuit
1931 1328 2016 1378 eis3
2053 1327 2196 1384 [cuius

471 1399 852 1455 transgressionis]
887 1398 1073 1440 emenda
1107 1399 1162 1440 ad
1189 1398 1418 1440 dominum
1441 1412 1587 1451 regem
1610 1398 1918 1451 pertinebant⁴
1946 1401 1988 1439 et
2020 1412 2108 1439 non
2142 1398 2197 1439 ad

471 1469 615 1521 ipsum
654 1469 836 1510 Petrum
855 1483 863 1516 ;
918 1467 1014 1509 ideo
1060 1467 1323 1521 respondeat
1361 1467 1412 1509 de
1460 1467 1679 1515 denariis;
1734 1470 1776 1509 et
1814 1467 1869 1509 ad
1901 1467 2113 1509 iudicium
2145 1467 2196 1508 de

472 1552 520 1579 eo
543 1540 624 1579 etc.

561 1607 683 1648 Idem
708 1607 865 1648 Petrus
887 1606 1000 1660 cepit
1022 1606 1268 1660 predictum
1301 1606 1544 1648 Bobertum
1568 1606 1618 1648 de
1642 1606 1798 1648 Neuill’
1823 1606 1869 1648 in
1893 1606 2021 1648 domo
2043 1606 2199 1648 matris

474 1692 548 1719 sue
572 1681 613 1718 et
636 1677 957 1730 inprisonauit3
983 1680 1024 1718 et
1047 1680 1198 1730 postea
1217 1677 1384 1718 dimisit
1402 1690 1501 1718 eum
1521 1676 1612 1718 sine
1629 1679 1821 1718 warento
1850 1690 1928 1730 pro
1951 1690 2034 1718 vno
2057 1675 2200 1731 [equo,

473 1746 625 1802 precii]
650 1750 836 1800 quatuor
852 1760 1103 1788 marcarum
1128 1746 1179 1787 de
1203 1746 1359 1799 quibus
1375 1746 1662 1799 respondeat3
1698 1748 1739 1787 et
1762 1745 1817 1787 ad
1832 1745 2044 1786 iudicium
2061 1746 2112 1787 de
2134 1759 2199 1787 eO.

562 1817 685 1857 Idem
712 1816 868 1857 Petrus
892 1815 1004 1869 cepit
1028 1816 1079 1857 de
1101 1815 1288 1856 Ricardo
1312 1815 1363 1857 de
1385 1815 1777 1864 Albomonasterio‚
1802 1814 1876 1868 qui
1897 1818 2098 1856 mortuus
2120 1818 2201 1865 est,

474 1899 552 1940 pro
575 1884 781 1939 capcione
803 1884 932 1925 Vnius
968 1884 1087 1925 darni
1121 1884 1167 1925 in
1202 1885 1365 1925 foresta
1400 1883 1492 1925 sine
1528 1886 1723 1925 waranto
1747 1884 1903 1937 viginti
1936 1887 1978 1926 et
2012 1887 2201 1937 quatuor

475 1969 646 1997 marcas
671 1953 801 2010 [vnde
824 1954 1086 2007 respondeat
1110 1956 1152 1995 et
1176 1953 1249 2009 ad]
1272 1953 1481 1994 iudicium
1505 1953 1556 1994 de
1580 1967 1628 1994 eo
1652 1957 1732 1995 etc.

565 2025 688 2065 Idem
721 2024 877 2065 Petrus
910 2023 1023 2076 cepit
1051 2023 1102 2065 de
1135 2023 1327 2064 Hernico
1349 2023 1550 2064 Murdak'
1574 2037 1652 2077 pro
1675 2025 2000 2076 receptamento
2022 2022 2204 2064 Henrici

477 2094 555 2135 filii
578 2093 646 2135 sui
672 2092 968 2134 malefactoris
992 2093 1043 2133 de
1067 2092 1302 2134 venacione
1325 2092 1371 2132 in
1395 2092 1557 2134 foresta
1579 2092 1735 2145 viginti
1764 2106 1949 2142 marcas,
1973 2092 2025 2134 de
2048 2092 2203 2146 quibus

478 2163 743 2217 respondeat
767 2162 943 2203 domino
966 2161 1058 2215 regi
1077 2177 1085 2210 ;
1122 2164 1164 2203 et
1187 2162 1242 2202 ad
1263 2161 1474 2203 iudicium
1498 2162 1549 2203 de
1572 2175 1635 2203 eo.

568 2233 690 2274 Idem
713 2232 871 2273 Petrus
895 2231 1008 2285 cepit
1031 2231 1083 2273 de
1104 2231 1299 2286 predicto
1323 2231 1514 2273 Henrico
1538 2245 1615 2285 pro
1637 2231 1841 2273 mastinis
1865 2231 1954 2273 suis
1978 2231 2051 2285 qui
2074 2231 2207 2273 semel

481 2302 776 2356 sequebantur
799 2301 1047 2342 carucarios
1075 2314 1176 2342 suos
1212 2315 1349 2354 usque
1385 2300 1431 2341 in
1465 2303 1644 2355 pratum
1678 2301 1730 2343 de
1752 2302 1970 2355 Depedale
1993 2301 2106 2355 quod
2141 2303 2207 2342 est

482 2373 598 2413 intra
651 2372 859 2412 forestam
915 2374 1092 2412 centum
1153 2370 1326 2420 solidos,
1382 2370 1433 2412 de
1488 2370 1645 2424 quibus
1692 2371 1954 2425 respondeat
1974 2386 1983 2420 ;
2052 2373 2094 2413 et
2151 2370 2207 2412 ad

481 2442 693 2483 iudicium
716 2444 796 2482 etc.

571 2510 694 2551 Idem
717 2510 873 2550 Petrus
903 2509 1017 2562 cepit
1049 2509 1100 2551 de
1123 2509 1273 2551 eodem
1305 2509 1498 2552 Henrico
1521 2510 1711 2563 quinque
1744 2524 1915 2551 marcas
1937 2524 2015 2564 pro
2037 2509 2207 2563 escapio

484 2582 647 2621 bouum
675 2593 855 2620 suorum
883 2580 928 2620 in
951 2582 1128 2633 pratum
1162 2579 1328 2621 domini
1361 2580 1473 2634 regis
1507 2580 1558 2622 de
1589 2581 1631 2622 la
1663 2581 1771 2622 Dale
1802 2580 1915 2622 vnde
1946 2579 2208 2634 respondeat

485 2654 564 2691 etc.

575 2719 697 2759 Idem
720 2718 877 2759 Petrus
900 2718 1000 2760 fecit
1034 2732 1312 2761 summonere
1336 2720 1479 2774 sepius
1502 2720 1648 2773 plnres
1672 2719 1848 2762 uillatas
1871 2720 1984 2773 quod
2008 2719 2210 2761 uenirent

486 2802 632 2828 coram
656 2801 705 2828 eo
728 2787 783 2828 ad
806 2786 1120 2840 inquisiciones
1156 2789 1207 2830 de
1243 2789 1405 2831 foresta
1440 2789 1661 2831 faciendas
1681 2805 1689 2838 ;
1723 2789 1784 2845 [et
1808 2790 1909 2843 quia
1932 2788 2098 2845 villate]
2120 2802 2209 2829 non

486 2858 705 2897 uenerunt
720 2855 977 2897 amerciauit
1001 2857 1054 2898 ad
1079 2857 1354 2899 uoluntatem
1379 2872 1505 2900 suam
1523 2863 1565 2900 et
1583 2858 1749 2900 leuauit
1773 2858 2115 2900 amerciamenta
2137 2857 2211 2898 illa

532 2972 537 2988 ¹
566 2971 638 3001 The
671 2973 799 3002 correct
829 2969 968 3009 reading
994 2971 1028 3001 of
1059 2970 1130 3002 this
1162 2971 1252 3003 word
1284 2972 1313 3003 is
1382 2982 1420 3004 as
1452 2972 1531 3004 here
1563 2972 1709 3013 printed.
1766 2972 1875 3004 There
1907 2972 1937 3004 is
1969 2983 2013 3003 no
2041 2971 2211 3011 marginal

486 3025 566 3054 very
585 3014 752 3045 doubtful.
1383 3020 1462 3047 note
1487 3017 1642 3056 opposite
1659 3020 1693 3048 to
1711 3017 1737 3047 it
1755 3017 1790 3047 in
1809 3017 1867 3047 the
1889 3016 1962 3053 roll,
1980 3017 2040 3047 but
2058 3016 2116 3047 the
2134 3026 2209 3047 sum

531 3062 542 3076 ²
566 3059 650 3089 This
676 3059 742 3089 and
760 3058 818 3088 the
836 3057 1009 3097 following
1026 3058 1115 3090 word
1135 3069 1191 3090 are
1209 3059 1311 3090 inter·
1382 3062 1417 3091 ot=
1442 3065 1614 3100 twopenee
1639 3060 1741 3091 taken
1767 3061 1808 3100 by
1834 3061 1931 3091 Peter
1949 3061 1977 3091 is
1995 3060 2154 3091 included
2172 3060 2207 3089 in

489 3102 637 3132 lineated
656 3102 690 3132 in
709 3102 767 3133 the
785 3102 858 3132 roll.
1383 3105 1441 3134 the
1460 3115 1534 3135 sum
1553 3106 1587 3134 of
1612 3114 1735 3143 money
1758 3105 1793 3134 in
1819 3104 1877 3134 the
1901 3105 2034 3143 margin
2052 3105 2209 3144 opposite

530 3148 540 3163 ³
565 3146 648 3176 This
681 3150 778 3185 entry
807 3145 890 3176 ends
923 3145 1080 3185 abruptly
1106 3146 1142 3176 in
1167 3146 1226 3178 the
1251 3147 1313 3178 roll
1383 3148 1441 3178 the
1460 3155 1540 3179 next
1559 3155 1665 3188 entry.
1788 3150 1798 3165 ⁴
1823 3149 1894 3179 MS.
1913 3148 2148 3188 ‘pertinebat’
