2421 3529
436 276 495 321 04
691 285 998 321 SELEcrioxs
1035 286 1172 320 FROM
1210 287 1312 320 THE
1348 285 1538 321 Fonssr
1575 286 1712 320 Erus
1749 286 1909 320 ROLLs

435 399 543 440 illud
586 399 984 441 amerciamentum
1028 400 1199 440 leuetur
1238 400 1292 441 ad
1326 413 1435 453 opus
1471 399 1637 440 domini
1674 399 1788 453 regis
1825 398 1879 440 ad
1914 398 2163 452 proximum

438 469 840 511 attachiamentum
878 469 963 510 nisi
998 470 1054 510 sit
1088 483 1166 523 pro
1201 470 1397 511 bletrone
1431 469 1504 522 qui
1539 469 1705 510 excedit
1743 468 1940 522 precium
1975 470 2165 521 quatuor

436 539 745 588 denariorum3
780 542 822 580 et
846 539 881 580 si
903 539 1080 580 excedat
1097 542 1203 580 tunc
1218 539 1486 580 attachietur
1501 552 1636 591 vsque
1658 538 1741 580 iter
1755 542 1800 579 vt
1814 538 2062 592 predictum
2086 539 2165 578 est.

526 612 565 649 5.
598 609 711 650 Item
735 608 965 662 prouisum
1000 610 1065 649 est
1091 608 1205 661 quod
1239 607 1411 662 escapia
1444 608 1695 650 aueriorum
1718 607 1763 648 in
1787 606 2016 648 dominicis
2038 606 2166 660 hayis

436 680 504 720 vel
528 679 670 719 boscis
694 678 1025 731 implacitentur
1048 677 1092 718 in
1111 677 1471 719 att-achiamentis
1494 679 1536 718 et
1552 677 1732 719 emende
1754 676 1914 718 ibidem
1937 675 2169 729 capiantur

438 749 493 791 ad
526 762 634 802 opus
669 747 836 789 domini
869 747 998 800 regis.
1061 747 1121 789 Et
1156 761 1308 789 omnes
1341 746 1423 788 alie
1456 745 1831 799 transgressiones
1866 746 2024 787 foreste
2055 745 2169 787 facte

438 821 559 859 extra
591 817 776 858 assisam
809 817 967 857 foreste
1001 818 1043 858 et
1080 818 1232 858 contra
1261 830 1471 869 magnam
1501 818 1669 857 cartam
1693 815 1744 856 de
1777 816 1939 856 foresta
1971 814 2169 856 decetero

438 887 703 940 placitentur
726 885 771 926 in
804 885 1164 927 attachiamentis
1197 888 1238 927 et
1271 885 1454 926 emende
1476 884 1638 926 ibidem
1670 884 1903 938 capiantur
1926 884 2169 925 secundum

444 956 740 1010 quantitatem
764 954 1127 1008 transgressionis
1150 955 1205 996 ad
1228 969 1336 1009 opus
1359 954 1526 996 domini
1549 954 1676 1007 regis.

532 1027 571 1066 6.
606 1026 718 1066 Item
761 1024 991 1078 prouisum
1025 1026 1089 1065 est
1124 1024 1239 1078 quod
1281 1024 1429 1065 nullus
1475 1023 1673 1065 decetero
1720 1023 1887 1064 deferat
1932 1036 2060 1063 arcus
2102 1022 2167 1063 ve]

443 1094 627 1148 sagittas
650 1094 695 1134 in
719 1094 881 1135 foresta
903 1093 989 1134 nisi
1021 1093 1078 1134 sit
1101 1093 1357 1134 forestarius
1380 1093 1552 1134 iuratus
1585 1095 1707 1134 extra
1730 1093 1845 1134 viam
1869 1092 2050 1145 regiam.
2112 1092 2172 1133 Et

442 1164 478 1205 si
500 1164 546 1204 in
569 1163 638 1205 via
670 1163 789 1215 regia
821 1165 926 1203 tunc
959 1163 1125 1204 deferat
1160 1163 1400 1203 secundum
1436 1162 1624 1203 assisam
1659 1163 1831 1203 foreste.
1894 1162 1981 1215 Nec
2014 1161 2171 1214 aliquis

442 1234 631 1286 aliquem
655 1232 871 1274 attachiat
904 1231 990 1272 nisi
1023 1231 1079 1273 sit
1115 1231 1371 1273 forestarius
1403 1231 1576 1272 iuratus
1599 1231 1666 1273 vel
1698 1231 1899 1272 minister
1932 1230 2006 1284 qui
2029 1244 2171 1272 sacra-

442 1305 643 1344 mentum
665 1301 907 1355 prestiterit
930 1315 1076 1343 coram
1100 1301 1367 1342 iusticiariis.

532 1375 572 1415 7.
608 1372 721 1413 Item
744 1371 973 1424 prouisum
996 1374 1061 1412 est
1085 1371 1198 1424 quod
1232 1371 1268 1411 si
1300 1370 1396 1424 quis
1419 1384 1604 1411 manens
1627 1372 1748 1411 extra
1772 1371 1981 1411 forestam
2008 1369 2172 1423 agista-

403 1495 408 1499 .
443 1441 557 1483 uerit
588 1454 668 1482 sua
705 1440 915 1481 animalia
952 1440 1068 1481 infra
1105 1439 1325 1481 dominica
1360 1439 1526 1481 domini
1560 1439 1672 1492 regis
1705 1439 1750 1480 in
1785 1439 1928 1480 landis
1960 1438 2100 1480 boscis
2130 1439 2172 1479 et

443 1510 571 1565 hayis
615 1510 708 1551 sine
749 1512 944 1551 waranto
985 1509 1053 1550 vel
1090 1523 1189 1550 cum
1232 1509 1377 1550 wardo
1420 1509 1547 1558 facto,
1593 1522 1968 1562 quorumcumque
2010 1507 2173 1548 fuerint

447 1579 658 1622 animalia
692 1579 737 1620 in
771 1579 934 1620 eisdem
969 1578 1168 1628 inuenta,
1192 1580 1234 1620 et
1260 1592 1337 1632 per
1372 1577 1624 1619 forestarios
1660 1577 1826 1619 domini
1860 1577 1973 1629 regis
2007 1576 2174 1617 iuratos

446 1653 589 1704 capta,
609 1649 918 1703 appreciantur
933 1662 1080 1690 coram
1103 1648 1323 1690 viridariis
1341 1663 1349 1697 ;
1375 1651 1416 1690 et
1434 1647 1542 1689 illud
1560 1647 1755 1701 precium
1772 1647 1933 1688 eisdem
1955 1646 2174 1688 viridariis

445 1721 653 1762 liberetur
687 1720 754 1761 vel
787 1719 949 1761 villatis
986 1718 1372 1773 propinquioribus
1407 1717 1461 1760 ad
1496 1717 1849 1771 respondendum
1882 1730 2029 1758 coram
2050 1716 2174 1757 iusti-

447 1790 592 1832 ciariis
614 1790 661 1831 in
683 1790 855 1831 itinere.

537 1863 578 1902 8.
612 1860 725 1901 Item
747 1858 975 1913 prouisum
994 1859 1059 1899 est
1082 1857 1197 1911 quod
1219 1856 1469 1898 omnimode
1487 1856 1858 1909 transgressiones
1881 1855 1927 1897 in
1950 1855 2176 1896 forinsecis

447 1929 588 1971 boscis
611 1931 732 1970 extra
755 1928 1023 1970 dominicum
1058 1928 1238 1968 boscum
1268 1926 1434 1968 domini
1467 1926 1581 1979 regis
1616 1926 1796 1967 inuente
1827 1940 1902 1979 per
1926 1924 2177 1967 forestarios

450 1999 617 2041 domini
653 1998 766 2052 regis
817 1998 984 2039 iuratos
1033 2011 1109 2050 per
1162 1997 1336 2038 eosdem
1388 1996 1640 2037 forestarios
1690 1995 2003 2044 attachientur,
2047 1996 2089 2035 et
2132 1994 2177 2034 in

449 2067 809 2110 attachiamentis
841 2067 1187 2121 implacitentur‚
1211 2065 1298 2107 nisi
1332 2065 1420 2107 sint
1443 2065 1604 2119 placita
1641 2079 1723 2118 que
1755 2064 1977 2119 pertinent
2010 2063 2064 2105 ad
2096 2063 2178 2105 iter

450 2138 808 2180 iusticiariorum.

541 2211 579 2250 9.
612 2208 672 2249 Et
695 2207 796 2261 quia
819 2206 1045 2248 euidenter
1068 2208 1241 2247 constat
1275 2204 1529 2246 iusticiariis
1563 2203 1609 2244 in
1642 2204 1799 2245 itinere
1830 2202 2040 2256 predicto,
2064 2201 2178 2256 quod

452 2280 543 2320 tam
586 2290 748 2329 magna
790 2275 990 2317 oneracio
1045 2275 1377 2328 regardatorum
1435 2273 1480 2314 in
1524 2274 1683 2315 foresta
1737 2272 1932 2325 predicta
1983 2285 2072 2313 non
2114 2274 2179 2313 est

455 2346 716 2388 sustinenda
738 2347 915 2399 propter
937 2358 1149 2396 magnum
1173 2343 1341 2385 domini
1364 2342 1476 2396 regis
1501 2343 1744 2395 dampnum
1767 2355 1845 2383 nec
1868 2341 2178 2394 permittenda,

453 2416 681 2470 prouisum
706 2418 770 2456 est
793 2414 908 2468 quod
941 2414 1138 2455 decetero
1160 2427 1249 2455 non
1273 2413 1361 2454 sint
1393 2412 1439 2452 in
1461 2412 1546 2453 ista
1568 2412 1729 2452 foresta
1761 2410 1847 2451 nisi
1870 2410 2180 2451 tantummodo

455 2485 682 2527 duodecim
717 2484 1049 2537 regardatores;
1085 2486 1125 2524 et
1161 2483 1275 2536 quod
1309 2481 1373 2522 illi
1407 2481 1710 2535 regardatores
1746 2480 1909 2522 faciant
1946 2479 2180 2532 regardum

456 2569 532 2609 per
555 2557 695 2596 totam
719 2554 942 2603 forestam,
966 2553 1173 2606 quociens
1195 2552 1335 2594 assisa
1358 2552 1516 2593 foreste
1538 2550 1737 2592 voluerit.

547 2627 615 2665 10.
650 2624 762 2665 Item
794 2623 1023 2676 prouisum
1057 2624 1122 2663 est
1157 2622 1207 2664 de
1236 2621 1322 2662 hiis
1360 2620 1433 2674 qui
1467 2622 1697 2661 noctanter
1730 2621 1772 2660 et
1809 2619 1854 2659 in
1876 2632 2026 2661 mense
2047 2617 2181 2660 vetito

456 2693 573 2747 capti
597 2692 774 2744 fuerint,
799 2692 913 2746 quod
937 2692 1013 2733 fiat
1038 2692 1088 2733 de
1112 2691 1172 2733 eis
1196 2691 1309 2733 sicut
1331 2690 1453 2745 prius
1476 2689 1570 2731 fieri
1593 2688 1835 2731 consueuit.
