2421 3529
212 861 405 885 misericordie

213 901 251 918 xx
266 902 285 919 s.

216 2522 380 2551 preceptum

215 2560 266 2578 est.

216 2866 354 2891 baillium.

455 230 515 274 16
711 239 1021 274 SELESTIONS
1058 239 1197 273 FROM
1233 239 1335 273 THE
1372 237 1562 272 FOREST
1600 237 1736 270 EYRE
1774 237 1933 271 ROLLS

453 367 542 395 non
565 353 768 394 veniunt.
831 353 891 394 Et
915 353 1007 407 ipse
1030 352 1202 393 inuenit
1231 352 1394 405 plegios
1426 350 1618 392 habendi
1649 364 1721 391 eos
1754 364 1900 391 coram
1932 348 2186 391 iusticiariis

454 423 522 464 die
545 423 670 464 Lune
693 423 907 476 sequenti,
933 423 1096 464 scilicet
1118 422 1388 463 Willelmum
1419 421 1559 462 filium
1583 419 1761 461 Ranulfi
1784 423 1826 461 et
1858 419 2100 460 Radulfum
2133 419 2186 459 de

453 492 621 546 Metny.
685 492 751 532 Ad
784 492 899 533 diem
922 494 1138 533 venerunt
1159 490 1345 544 predicti
1367 491 1611 532 Willelmus
1644 489 1829 531 Cardon’
1854 492 1896 530 et
1919 489 2006 538 alii,
2031 491 2073 530 et
2095 502 2185 529 non

451 563 691 615 potuerunt
725 561 920 602 dedicere
952 561 1057 615 quin
1090 562 1316 601 currerent
1345 573 1446 600 cum
1480 559 1606 599 dictis
1638 558 1866 611 leporariis
1895 558 2011 599 infra
2044 559 2186 598 metas

452 631 611 672 foreste
654 631 708 671 ad
740 631 909 683 lepores
948 630 1041 671 sine
1077 631 1285 670 waranto.
1360 629 1420 669 Et
1455 628 1597 670 dictus
1630 628 1877 669 Willelmus
1910 627 2053 669 senior
2086 627 2183 668 illos

450 700 606 741 habuit
622 715 631 749 3
677 702 719 741 et
749 700 829 740 hoc
860 699 1062 753 permisit
1089 698 1182 739 sine
1224 700 1445 747 waranto3
1491 697 1588 738 ideo
1614 710 1767 738 omnes
1798 696 1843 737 in
1871 696 2184 738 misericordia.

451 769 588 823 Plegii
614 768 925 818 misericordie,
950 768 1093 810 dictus
1124 768 1368 809 WVillelmus
1392 767 1550 816 senior,
1581 766 1826 807 KVillelmus
1856 766 1973 807 filius
2006 765 2185 806 Ranulfi

452 839 503 880 de
527 839 824 881 Catteworth'.
887 839 1047 880 Postea
1072 840 1249 880 taxatur
1281 851 1360 891 pro
1387 851 1431 879 se
1464 839 1506 878 et
1538 835 1793 878 hominibus
1827 835 1916 876 suis
1950 835 2003 876 ad
2027 834 2185 887 viginti

453 909 628 951 solidos.

1027 1157 1034 1174 ¹
1055 1157 1218 1192 Adhuc
1244 1156 1300 1190 de
1325 1154 1589 1190 venacione.

541 1253 849 1293 Presentatum
874 1252 939 1292 est
962 1265 1038 1304 per
1061 1249 1312 1292 forestarios
1337 1249 1450 1302 quod
1472 1248 1686 1289 Ricardus
1705 1247 1756 1289 de
1773 1247 1966 1289 Weston'
1988 1247 2184 1289 seruiens

453 1320 624 1363 abbatis
652 1320 703 1361 de
735 1320 943 1361 Wautha'
968 1322 1010 1360 et
1031 1319 1278 1360 Willelmus
1311 1317 1464 1359 Turkil
1497 1318 1548 1358 de
1578 1316 1844 1369 Witleshege
1877 1319 1919 1357 et
1952 1317 2182 1358 Bartholo-

452 1405 577 1432 meus
601 1391 735 1431 frater
759 1390 851 1430 eius
874 1389 925 1430 de
948 1389 1100 1430 eadem
1123 1389 1175 1429 de
1196 1387 1403 1439 homagio
1425 1386 1583 1440 prioris
1606 1385 1657 1427 de
1689 1386 1789 1439 Ely,
1812 1388 1855 1426 et
1888 1385 1962 1427 alii
1993 1385 2184 1439 quinque

452 1460 654 1501 homines
696 1459 835 1512 ignoti
877 1459 929 1499 de
971 1457 1155 1511 grangia
1198 1457 1304 1498 dicti
1341 1455 1514 1497 abbatis
1552 1455 1604 1497 de
1637 1455 1845 1496 Wautha’
1883 1455 1930 1495 in
1970 1455 2181 1496 Westfen'

453 1531 663 1584 ceperunt
681 1528 975 1582 quadraginta
990 1527 1257 1568 cheuerellos
1275 1527 1320 1566 in
1342 1525 1530 1566 marisco
1553 1525 1604 1565 de
1622 1524 1889 1577 Kingesdelf'
1905 1523 2021 1565 infra
2042 1526 2183 1565 metas

454 1600 612 1640 forest-e
640 1599 737 1640 die'2
766 1598 886 1639 Iouis
916 1600 958 1639 et
991 1597 1060 1638 die
1086 1596 1269 1638 Veneris
1304 1597 1407 1637 ante
1442 1595 1605 1635 festum
1642 1593 1760 1635 beati
1794 1594 1960 1635 Thome
1997 1593 2184 1647 apostoli

454 1682 570 1709 anno
593 1667 813 1709 tricesimo
828 1681 945 1708 nono
967 1681 1043 1720 per
1065 1667 1320 1720 preceptum
1340 1664 1490 1706 fratris
1514 1663 1717 1705 Geruasii
1740 1663 1791 1704 de
1813 1662 2108 1716 Alfricheseye
2131 1662 2183 1704 de

454 1738 635 1779 abbacia
667 1738 718 1779 de
749 1737 943 1786 Wautli',
970 1736 1044 1790 qui
1072 1749 1145 1777 eos
1178 1734 1436 1788 receptauit.
1500 1733 1561 1774 Et
1582 1746 1671 1774 non
1705 1734 1934 1773 venerunt.
1996 1732 2057 1773 Et
2086 1745 2180 1785 pre-

453 1810 629 1861 ceptum
652 1810 717 1848 est
739 1806 983 1848 vicecomiti
1006 1805 1119 1859 quod
1144 1804 1274 1846 faciat
1297 1818 1369 1845 eos
1391 1803 1539 1845 venire
1562 1803 1612 1844 de
1636 1802 1703 1843 die
1726 1802 1772 1843 in
1796 1802 1924 1843 diem.
1977 1802 2044 1843 Ad
2067 1802 2181 1843 diem

453 1876 573 1918 venit
596 1877 730 1918 frater
754 1875 995 1918 Geruasius
1018 1877 1060 1916 et
1084 1874 1261 1927 quidam
1288 1873 1627 1915 Bartholomeus
1660 1871 1811 1912 Turkil
1844 1871 1895 1912 de
1918 1871 2182 1923 Witleshege

453 1949 495 1988 et
515 1946 710 1988 defendit
739 1945 992 2000 capcionem
1026 1945 1248 1986 dictorum
1281 1942 1627 1984 cheuerellorum
1660 1942 1701 1982 et
1735 1954 1863 1982 omne
1895 1941 2179 1981 malefactum

452 2016 499 2056 in
533 2016 694 2056 foresta
727 2014 894 2056 domini
925 2014 1053 2068 regis.
1115 2013 1176 2054 Et
1208 2011 1446 2066 inquiritur
1479 2024 1556 2064 per
1592 2009 1842 2052 forestarios
1877 2012 1918 2051 et
1953 2008 2185 2060 viridarios

453 2085 517 2126 rei
553 2085 717 2126 ueritas
755 2084 829 2138 qui
863 2084 1016 2124 dicunt
1051 2083 1165 2136 quod
1204 2080 1442 2124 Geruasius
1479 2094 1569 2121 non
1607 2082 1672 2120 est
1710 2078 1938 2132 culpabilis
1976 2078 2027 2119 de
2065 2077 2180 2119 dicto

453 2156 684 2196 malefacto
726 2168 804 2195 nec
839 2154 952 2195 alio³
987 2153 1033 2193 in
1067 2153 1242 2200 foresta,
1279 2153 1343 2193 set
1378 2164 1423 2191 re
1465 2163 1571 2191 uera
1613 2148 1765 2189 dicunt
1808 2148 1923 2201 quod
1964 2146 2180 2201 predicti⁴¹

454 2224 667 2266 Ricardus
705 2226 747 2265 et
781 2223 959 2277 quidam
992 2222 1332 2263 Bai-tholomeus
1365 2219 1602 2272 culpabiles
1635 2220 1739 2259 sunt
1773 2217 1824 2258 de
1857 2217 2060 2270 capcione
2093 2216 2178 2257 dic-

453 2296 600 2335 torum
625 2292 917 2347 quadraginta
940 2294 1018 2333 etc.
1040 2307 1049 2341 ;
1085 2294 1149 2332 set
1171 2292 1319 2331 Vtrum
1342 2289 1399 2330 sit
1422 2289 1504 2329 iste
1526 2287 1879 2336 Bartholomeus,
1905 2286 1979 2339 qui
2000 2299 2180 2339 presens

454 2365 533 2413 est,
557 2377 613 2404 an
636 2363 748 2404 alius
771 2362 1110 2403 Bar-tholomeus
1134 2363 1246 2402 esset
1271 2360 1326 2401 ad
1348 2359 1455 2400 illud
1483 2358 1647 2398 factum
1672 2355 1874 2397 nesciunt
1895 2371 1903 2404 ;
1938 2355 2033 2396 ideo
2065 2368 2180 2396 com-

453 2432 647 2473 mittitur
680 2432 916 2473 senescallo
948 2430 1105 2485 prioris
1139 2430 1190 2471 de
1223 2429 1310 2483 Ery
1349 2428 1462 2482 quod
1498 2427 1553 2468 sit
1588 2429 1669 2468 etc.
1746 2426 1807 2467 Et
1841 2425 2056 2466 Ricardus
2090 2438 2180 2465 non

454 2501 574 2542 venit
616 2503 695 2542 etc.
778 2502 838 2542 Et
879 2503 1135 2554 preceptum
1179 2499 1261 2540 fuit
1309 2496 1552 2539 vicecomiti
1599 2495 1747 2537 Bedef’
1793 2496 1903 2544 etc.;
1948 2494 2044 2535 ideo
2085 2507 2179 2547 pre-

454 2573 629 2624 ceptum
651 2572 716 2612 est
739 2570 898 2611 iterum
932 2570 1071 2611 eidem
1094 2567 1337 2610 vicecomiti
1360 2567 1473 2621 quod
1505 2566 1665 2607 habeat
1695 2567 1774 2606 etc.
1799 2563 1915 2617 apud
1947 2563 2176 2605 Norhamt'

453 2641 499 2681 in
523 2639 687 2681 octabis
710 2639 851 2680 sancti
883 2639 1123 2680 Iohannis5
1159 2640 1238 2679 etc.
1312 2638 1480 2678 Iterum
1513 2635 1633 2677 venit
1666 2634 1809 2675 dictus
1841 2633 2178 2674 Bartholomeus

454 2723 600 2751 coram
642 2708 909 2757 iusticiariis‚
953 2711 994 2749 et
1037 2710 1213 2761 propter
1255 2706 1519 2747 breuitatem
1561 2706 1772 2757 temporis
1808 2717 1898 2744 non
1935 2702 2079 2755 potuit
2116 2700 2180 2742 rei

455 2779 619 2820 ueritas
656 2778 819 2832 inquiri
852 2778 903 2818 de
939 2778 1052 2818 facto
1087 2790 1165 2817 suo
1198 2775 1459 2828 inquirendo
1478 2790 1487 2823 ;
1532 2773 1723 2815 traditur
1755 2786 1832 2826 per
1865 2771 2063 2813 baillium
2096 2773 2178 2812 etc.

455 2848 569 2902 quod
591 2849 647 2889 sit
670 2847 785 2901 apud
809 2846 1038 2887 Norhamt’
1062 2845 1109 2886 in
1132 2845 1297 2886 octabis
1320 2843 1461 2885 sancti
1483 2841 1726 2884 Iohannis.⁵

544 2917 852 2958 Presentatum
876 2919 941 2956 est
963 2929 1039 2968 per
1072 2913 1323 2956 forestarios
1356 2912 1470 2966 quod
1502 2914 1682 2953 venator
1716 2909 1887 2952 abbatis
1920 2910 1971 2951 de
2003 2910 2177 2950 Rames’

501 3055 507 3072 ¹
535 3053 611 3084 Roll
629 3055 647 3085 6
665 3054 700 3083 111
719 3053 829 3083 dorso.
1396 3051 1405 3067 ⁴
1431 3049 1516 3080 This
1533 3048 1624 3079 word
1641 3048 1670 3079 is
1689 3059 1726 3080 so
1744 3046 1913 3080 extended
1930 3047 1966 3077 in
1984 3047 2042 3078 the
2062 3046 2133 3077 MS.

500 3099 512 3116 ²
537 3100 576 3129 17
595 3098 782 3128 December
802 3097 895 3127 1254.
1393 3096 1404 3112 ⁵
1434 3095 1450 3124 1
1469 3093 1549 3134 July
1568 3094 1662 3124 1255.

500 3142 512 3159 ³
537 3142 621 3172 This
639 3141 728 3172 word
746 3141 775 3171 is
792 3140 952 3180 repeated
970 3139 1005 3170 in
1023 3139 1081 3171 the
1100 3139 1172 3171 MS.
