<?xml version="1.0" encoding="UTF-8"?>
<!DOCTYPE html PUBLIC "-//W3C//DTD XHTML 1.0 Transitional//EN"
    "http://www.w3.org/TR/xhtml1/DTD/xhtml1-transitional.dtd">
<html xmlns="http://www.w3.org/1999/xhtml" xml:lang="en" lang="en">
 <head>
  <title>
</title>
<meta http-equiv="Content-Type" content="text/html;charset=utf-8" />
  <meta name='ocr-system' content='tesseract 3.04.00' />
  <meta name='ocr-capabilities' content='ocr_page ocr_carea ocr_par ocr_line ocrx_word'/>
</head>
<body>
  <div class='ocr_page' id='page_1' title='image "./selectpleasoffor00grearich_0093.png"; bbox 0 0 2421 3529; ppageno 0'>
   <div class='ocr_carea' id='block_1_1' title="bbox 862 224 1901 270">
    <p class='ocr_par' dir='ltr' id='par_1_1' title="bbox 862 224 1901 270">
     <span class='ocr_line' id='line_1_1' title="bbox 862 224 1901 270; baseline 0.001 -1"><span class='ocrx_word' id='word_1_1' title='bbox 862 234 963 269; x_wconf 80' lang='lat' dir='ltr'>THE</span> <span class='ocrx_word' id='word_1_2' title='bbox 1000 233 1213 269; x_wconf 59' lang='lat' dir='ltr'>REGARD</span> <span class='ocrx_word' id='word_1_3' title='bbox 1751 224 1901 270; x_wconf 76' lang='lat' dir='ltr'>lxxxv</span> 
     </span>
    </p>
   </div>
   <div class='ocr_carea' id='block_1_2' title="bbox 176 344 1908 579">
    <p class='ocr_par' dir='ltr' id='par_1_2' title="bbox 176 344 1908 579">
     <span class='ocr_line' id='line_1_2' title="bbox 257 344 1905 395; baseline -0.001 -9"><span class='ocrx_word' id='word_1_4' title='bbox 257 346 312 387; x_wconf 72' lang='lat' dir='ltr'>Et</span> <span class='ocrx_word' id='word_1_5' title='bbox 332 346 495 386; x_wconf 84' lang='lat' dir='ltr'>uidendi</span> <span class='ocrx_word' id='word_1_6' title='bbox 515 348 610 386; x_wconf 87' lang='lat' dir='ltr'>sunt</span> <span class='ocrx_word' id='word_1_7' title='bbox 630 346 821 386; x_wconf 86' lang='lat' dir='ltr'>dominici</span> <span class='ocrx_word' id='word_1_8' title='bbox 841 345 949 385; x_wconf 86' lang='lat' dir='ltr'>bosci</span> <span class='ocrx_word' id='word_1_9' title='bbox 969 344 1122 384; x_wconf 88' lang='lat' dir='ltr'>domini</span> <span class='ocrx_word' id='word_1_10' title='bbox 1142 345 1247 395; x_wconf 85' lang='lat' dir='ltr'>regis</span> <span class='ocrx_word' id='word_1_11' title='bbox 1267 346 1306 384; x_wconf 90' lang='lat' dir='ltr'>et</span> <span class='ocrx_word' id='word_1_12' title='bbox 1327 344 1494 394; x_wconf 87' lang='lat' dir='ltr'>quilibet</span> <span class='ocrx_word' id='word_1_13' title='bbox 1514 357 1661 394; x_wconf 86' lang='lat' dir='ltr'>ceppus</span> <span class='ocrx_word' id='word_1_14' title='bbox 1681 345 1729 385; x_wconf 90' lang='lat' dir='ltr'>de</span> <span class='ocrx_word' id='word_1_15' title='bbox 1759 360 1905 395; x_wconf 82' lang='lat' dir='ltr'>quercu</span> 
     </span>
     <span class='ocr_line' id='line_1_3' title="bbox 176 405 1906 458; baseline -0.002 -11"><span class='ocrx_word' id='word_1_16' title='bbox 176 411 215 447; x_wconf 89' lang='lat' dir='ltr'>et</span> <span class='ocrx_word' id='word_1_17' title='bbox 244 409 292 447; x_wconf 85' lang='lat' dir='ltr'>de</span> <span class='ocrx_word' id='word_1_18' title='bbox 320 409 414 458; x_wconf 82' lang='lat' dir='ltr'>fag-o</span> <span class='ocrx_word' id='word_1_19' title='bbox 433 409 564 446; x_wconf 65' lang='lat' dir='ltr'>factus</span> <span class='ocrx_word' id='word_1_20' title='bbox 584 409 674 456; x_wconf 86' lang='lat' dir='ltr'>post</span> <span class='ocrx_word' id='word_1_21' title='bbox 694 406 938 456; x_wconf 87' lang='lat' dir='ltr'>principium</span> <span class='ocrx_word' id='word_1_22' title='bbox 959 405 1122 444; x_wconf 85' lang='lat' dir='ltr'>secundi</span> <span class='ocrx_word' id='word_1_23' title='bbox 1143 405 1241 443; x_wconf 81' lang='lat' dir='ltr'>anni</span> <span class='ocrx_word' id='word_1_24' title='bbox 1270 405 1397 454; x_wconf 88' lang='lat' dir='ltr'>prime</span> <span class='ocrx_word' id='word_1_25' title='bbox 1430 405 1705 443; x_wconf 77' lang='lat' dir='ltr'>coronacionis</span> <span class='ocrx_word' id='word_1_26' title='bbox 1739 407 1906 455; x_wconf 83' lang='lat' dir='ltr'>predicti</span> 
     </span>
     <span class='ocr_line' id='line_1_4' title="bbox 177 465 1907 519; baseline -0.003 -11"><span class='ocrx_word' id='word_1_27' title='bbox 177 471 284 519; x_wconf 84' lang='lat' dir='ltr'>regis</span> <span class='ocrx_word' id='word_1_28' title='bbox 298 469 467 508; x_wconf 80' lang='lat' dir='ltr'>Henrici</span> <span class='ocrx_word' id='word_1_29' title='bbox 480 469 564 507; x_wconf 86' lang='lat' dir='ltr'>siue</span> <span class='ocrx_word' id='word_1_30' title='bbox 579 470 670 518; x_wconf 89' lang='lat' dir='ltr'>post</span> <span class='ocrx_word' id='word_1_31' title='bbox 691 468 883 506; x_wconf 85' lang='lat' dir='ltr'>ultimum</span> <span class='ocrx_word' id='word_1_32' title='bbox 904 467 1131 516; x_wconf 76' lang='lat' dir='ltr'>regardum,</span> <span class='ocrx_word' id='word_1_33' title='bbox 1146 466 1179 504; x_wconf 85' lang='lat' dir='ltr'>si</span> <span class='ocrx_word' id='word_1_34' title='bbox 1196 466 1302 515; x_wconf 79' lang='lat' dir='ltr'>quod</span> <span class='ocrx_word' id='word_1_35' title='bbox 1316 468 1455 515; x_wconf 80' lang='lat' dir='ltr'>postea</span> <span class='ocrx_word' id='word_1_36' title='bbox 1469 465 1622 504; x_wconf 84' lang='lat' dir='ltr'>factum</span> <span class='ocrx_word' id='word_1_37' title='bbox 1635 465 1771 510; x_wconf 84' lang='lat' dir='ltr'>fuerit,</span> <span class='ocrx_word' id='word_1_38' title='bbox 1789 465 1907 503; x_wconf 85' lang='lat' dir='ltr'>debet</span> 
     </span>
     <span class='ocr_line' id='line_1_5' title="bbox 178 525 1908 579; baseline -0.003 -11"><span class='ocrx_word' id='word_1_39' title='bbox 178 530 391 579; x_wconf 84' lang='lat' dir='ltr'>diligenter</span> <span class='ocrx_word' id='word_1_40' title='bbox 422 529 626 568; x_wconf 85' lang='lat' dir='ltr'>nominari</span> <span class='ocrx_word' id='word_1_41' title='bbox 646 531 685 567; x_wconf 92' lang='lat' dir='ltr'>et</span> <span class='ocrx_word' id='word_1_42' title='bbox 705 541 775 578; x_wconf 90' lang='lat' dir='ltr'>per</span> <span class='ocrx_word' id='word_1_43' title='bbox 796 541 837 567; x_wconf 83' lang='lat' dir='ltr'>se</span> <span class='ocrx_word' id='word_1_44' title='bbox 858 527 977 566; x_wconf 78' lang='lat' dir='ltr'><strong>scribi</strong></span> <span class='ocrx_word' id='word_1_45' title='bbox 997 530 1036 566; x_wconf 92' lang='lat' dir='ltr'>et</span> <span class='ocrx_word' id='word_1_46' title='bbox 1055 526 1344 576; x_wconf 82' lang='lat' dir='ltr'>inquirendum</span> <span class='ocrx_word' id='word_1_47' title='bbox 1375 529 1512 564; x_wconf 86' lang='lat' dir='ltr'>utrum</span> <span class='ocrx_word' id='word_1_48' title='bbox 1539 525 1648 564; x_wconf 87' lang='lat' dir='ltr'>bosci</span> <span class='ocrx_word' id='word_1_49' title='bbox 1677 525 1908 564; x_wconf 82' lang='lat' dir='ltr'>deteriorati</span> 
     </span>
    </p>
   </div>
   <div class='ocr_carea' id='block_1_3' title="bbox 178 585 1908 700">
    <p class='ocr_par' dir='ltr' id='par_1_3' title="bbox 178 585 1908 700">
     <span class='ocr_line' id='line_1_6' title="bbox 178 585 1908 629; baseline -0.003 -1"><span class='ocrx_word' id='word_1_50' title='bbox 178 591 328 629; x_wconf 85' lang='lat' dir='ltr'>fuerint</span> <span class='ocrx_word' id='word_1_51' title='bbox 341 591 388 628; x_wconf 90' lang='lat' dir='ltr'>de</span> <span class='ocrx_word' id='word_1_52' title='bbox 409 589 603 628; x_wconf 88' lang='lat' dir='ltr'>subbosco</span> <span class='ocrx_word' id='word_1_53' title='bbox 623 589 688 628; x_wconf 91' lang='lat' dir='ltr'>uel</span> <span class='ocrx_word' id='word_1_54' title='bbox 705 589 997 627; x_wconf 81' lang='lat' dir='ltr'>exbrancatura</span> <span class='ocrx_word' id='word_1_55' title='bbox 1017 589 1056 626; x_wconf 81' lang='lat' dir='ltr'>et</span> <span class='ocrx_word' id='word_1_56' title='bbox 1076 587 1332 626; x_wconf 85' lang='lat' dir='ltr'>deterioratio</span> <span class='ocrx_word' id='word_1_57' title='bbox 1353 585 1538 625; x_wconf 85' lang='lat' dir='ltr'>subbosci</span> <span class='ocrx_word' id='word_1_58' title='bbox 1558 588 1596 625; x_wconf 86' lang='lat' dir='ltr'>et</span> <span class='ocrx_word' id='word_1_59' title='bbox 1617 585 1908 625; x_wconf 75' lang='lat' dir='ltr'>exbrancatura</span> 
     </span>
     <span class='ocr_line' id='line_1_7' title="bbox 179 650 538 700; baseline -0.003 -11"><span class='ocrx_word' id='word_1_60' title='bbox 179 650 376 689; x_wconf 75' lang='lat' dir='ltr'><strong>scribatur</strong></span> <span class='ocrx_word' id='word_1_61' title='bbox 395 662 465 700; x_wconf 92' lang='lat' dir='ltr'>per</span> <span class='ocrx_word' id='word_1_62' title='bbox 485 661 538 689; x_wconf 86' lang='lat' dir='ltr'>se.</span> 
     </span>
    </p>
   </div>
   <div class='ocr_carea' id='block_1_4' title="bbox 267 745 1825 802">
    <p class='ocr_par' dir='ltr' id='par_1_4' title="bbox 267 745 1825 802">
     <span class='ocr_line' id='line_1_8' title="bbox 267 745 1825 802; baseline -0.004 -9"><span class='ocrx_word' id='word_1_63' title='bbox 267 750 358 793; x_wconf 78' lang='lat' dir='ltr'>The</span> <span class='ocrx_word' id='word_1_64' title='bbox 381 764 548 793; x_wconf 84' lang='lat' dir='ltr'>answer</span> <span class='ocrx_word' id='word_1_65' title='bbox 568 749 577 774; x_wconf 88' lang='lat'>¹</span> <span class='ocrx_word' id='word_1_66' title='bbox 602 750 646 791; x_wconf 87' lang='lat' dir='ltr'>of</span> <span class='ocrx_word' id='word_1_67' title='bbox 667 749 742 791; x_wconf 86' lang='lat' dir='ltr'>the</span> <span class='ocrx_word' id='word_1_68' title='bbox 764 748 992 802; x_wconf 78' lang='lat' dir='ltr'>regarders</span> <span class='ocrx_word' id='word_1_69' title='bbox 1015 749 1060 790; x_wconf 93' lang='lat' dir='ltr'>to</span> <span class='ocrx_word' id='word_1_70' title='bbox 1081 746 1172 790; x_wconf 87' lang='lat' dir='ltr'>this</span> <span class='ocrx_word' id='word_1_71' title='bbox 1196 746 1378 801; x_wconf 75' lang='lat' dir='ltr'>chapter</span> <span class='ocrx_word' id='word_1_72' title='bbox 1401 745 1438 788; x_wconf 87' lang='lat' dir='ltr'>is</span> <span class='ocrx_word' id='word_1_73' title='bbox 1461 745 1667 788; x_wconf 77' lang='lat' dir='ltr'>recorded</span> <span class='ocrx_word' id='word_1_74' title='bbox 1690 745 1795 787; x_wconf 85' lang='lat' dir='ltr'>thus</span> <span class='ocrx_word' id='word_1_75' title='bbox 1816 762 1825 787; x_wconf 77' lang='lat' dir='ltr'><em>z</em></span> 
     </span>
    </p>
   </div>
   <div class='ocr_carea' id='block_1_5' title="bbox 400 902 1687 950">
    <p class='ocr_par' dir='ltr' id='par_1_5' title="bbox 400 902 1687 950">
     <span class='ocr_line' id='line_1_9' title="bbox 400 902 1687 950; baseline -0.005 -8"><span class='ocrx_word' id='word_1_76' title='bbox 400 905 534 950; x_wconf 80' lang='lat' dir='ltr'>Gippi</span> <span class='ocrx_word' id='word_1_77' title='bbox 552 913 810 950; x_wconf 79' lang='lat' dir='ltr'>quercuum</span> <span class='ocrx_word' id='word_1_78' title='bbox 825 916 835 949; x_wconf 90' lang='lat'>;</span> <span class='ocrx_word' id='word_1_79' title='bbox 862 913 984 939; x_wconf 87' lang='lat' dir='ltr'>anno</span> <span class='ocrx_word' id='word_1_80' title='bbox 1002 903 1135 947; x_wconf 84' lang='lat' dir='ltr'>regni</span> <span class='ocrx_word' id='word_1_81' title='bbox 1151 903 1271 946; x_wconf 85' lang='lat' dir='ltr'>regis</span> <span class='ocrx_word' id='word_1_82' title='bbox 1289 902 1482 938; x_wconf 78' lang='lat' dir='ltr'>Heni-ici</span> <span class='ocrx_word' id='word_1_83' title='bbox 1500 902 1687 945; x_wconf 81' lang='lat' dir='ltr'>xxxiiij.</span> 
     </span>
    </p>
   </div>
   <div class='ocr_carea' id='block_1_6' title="bbox 260 986 1908 1038">
    <p class='ocr_par' dir='ltr' id='par_1_6' title="bbox 260 986 1908 1038">
     <span class='ocr_line' id='line_1_10' title="bbox 260 986 1908 1038; baseline -0.005 -7"><span class='ocrx_word' id='word_1_84' title='bbox 260 990 435 1031; x_wconf 86' lang='lat' dir='ltr'>Uidendi</span> <span class='ocrx_word' id='word_1_85' title='bbox 468 992 563 1031; x_wconf 81' lang='lat' dir='ltr'>sunt</span> <span class='ocrx_word' id='word_1_86' title='bbox 596 1003 736 1030; x_wconf 88' lang='lat' dir='ltr'>omnes</span> <span class='ocrx_word' id='word_1_87' title='bbox 770 990 961 1029; x_wconf 86' lang='lat' dir='ltr'>dominici</span> <span class='ocrx_word' id='word_1_88' title='bbox 994 988 1115 1035; x_wconf 81' lang='lat' dir='ltr'>bosci,</span> <span class='ocrx_word' id='word_1_89' title='bbox 1136 991 1176 1027; x_wconf 92' lang='lat' dir='ltr'>et</span> <span class='ocrx_word' id='word_1_90' title='bbox 1196 987 1363 1038; x_wconf 84' lang='lat' dir='ltr'>quilibet</span> <span class='ocrx_word' id='word_1_91' title='bbox 1393 1000 1541 1036; x_wconf 88' lang='lat' dir='ltr'>ceppus</span> <span class='ocrx_word' id='word_1_92' title='bbox 1575 989 1649 1025; x_wconf 89' lang='lat' dir='ltr'>etc.</span> <span class='ocrx_word' id='word_1_93' title='bbox 1706 986 1908 1024; x_wconf 75' lang='lat' dir='ltr'>Numerus</span> 
     </span>
    </p>
   </div>
   <div class='ocr_carea' id='block_1_7' title="bbox 181 1046 1909 1163">
    <p class='ocr_par' dir='ltr' id='par_1_7' title="bbox 181 1046 1909 1163">
     <span class='ocr_line' id='line_1_11' title="bbox 183 1046 1909 1102; baseline -0.004 -11"><span class='ocrx_word' id='word_1_94' title='bbox 183 1065 398 1102; x_wconf 87' lang='lat' dir='ltr'>cepporum</span> <span class='ocrx_word' id='word_1_95' title='bbox 430 1052 690 1090; x_wconf 84' lang='lat' dir='ltr'>inuentorum</span> <span class='ocrx_word' id='word_1_96' title='bbox 721 1050 763 1089; x_wconf 89' lang='lat' dir='ltr'>in</span> <span class='ocrx_word' id='word_1_97' title='bbox 794 1049 1010 1089; x_wconf 83' lang='lat' dir='ltr'>dominicis</span> <span class='ocrx_word' id='word_1_98' title='bbox 1047 1049 1180 1088; x_wconf 83' lang='lat' dir='ltr'>boscis</span> <span class='ocrx_word' id='word_1_99' title='bbox 1218 1048 1372 1088; x_wconf 87' lang='lat' dir='ltr'>domini</span> <span class='ocrx_word' id='word_1_100' title='bbox 1410 1048 1516 1097; x_wconf 85' lang='lat' dir='ltr'>regis</span> <span class='ocrx_word' id='word_1_101' title='bbox 1554 1051 1734 1097; x_wconf 87' lang='lat' dir='ltr'>tempore</span> <span class='ocrx_word' id='word_1_102' title='bbox 1765 1046 1829 1085; x_wconf 92' lang='lat' dir='ltr'>W.</span> <span class='ocrx_word' id='word_1_103' title='bbox 1860 1046 1909 1084; x_wconf 86' lang='lat' dir='ltr'>de</span> 
     </span>
     <span class='ocr_line' id='line_1_12' title="bbox 181 1113 416 1163; baseline -0.004 -11"><span class='ocrx_word' id='word_1_104' title='bbox 181 1113 416 1163; x_wconf 80' lang='lat' dir='ltr'>Norhamp&#39;.</span> 
     </span>
    </p>
   </div>
   <div class='ocr_carea' id='block_1_8' title="bbox 259 1169 1537 1587">
    <p class='ocr_par' dir='ltr' id='par_1_8' title="bbox 260 1169 1537 1284">
     <span class='ocr_line' id='line_1_13' title="bbox 260 1169 1537 1222; baseline -0.003 -10"><span class='ocrx_word' id='word_1_105' title='bbox 260 1175 310 1212; x_wconf 89' lang='lat' dir='ltr'>In</span> <span class='ocrx_word' id='word_1_106' title='bbox 330 1173 449 1213; x_wconf 85' lang='lat' dir='ltr'>bosco</span> <span class='ocrx_word' id='word_1_107' title='bbox 469 1172 516 1211; x_wconf 89' lang='lat' dir='ltr'>de</span> <span class='ocrx_word' id='word_1_108' title='bbox 536 1172 654 1211; x_wconf 77' lang='lat' dir='ltr'>firma</span> <span class='ocrx_word' id='word_1_109' title='bbox 675 1171 723 1211; x_wconf 86' lang='lat' dir='ltr'>de</span> <span class='ocrx_word' id='word_1_110' title='bbox 744 1170 868 1222; x_wconf 85' lang='lat' dir='ltr'>Clyue</span> <span class='ocrx_word' id='word_1_111' title='bbox 888 1171 1048 1210; x_wconf 84' lang='lat' dir='ltr'>inuenti</span> <span class='ocrx_word' id='word_1_112' title='bbox 1068 1171 1232 1209; x_wconf 87' lang='lat' dir='ltr'>fuerunt</span> <span class='ocrx_word' id='word_1_113' title='bbox 1252 1169 1389 1220; x_wconf 77' lang='lat' dir='ltr'>xxxvij</span> <span class='ocrx_word' id='word_1_114' title='bbox 1410 1170 1537 1220; x_wconf 89' lang='lat' dir='ltr'>ceppi.</span> 
     </span>
     <span class='ocr_line' id='line_1_14' title="bbox 260 1232 1264 1284; baseline -0.004 -10"><span class='ocrx_word' id='word_1_115' title='bbox 260 1236 310 1274; x_wconf 89' lang='lat' dir='ltr'>In</span> <span class='ocrx_word' id='word_1_116' title='bbox 330 1247 450 1284; x_wconf 79' lang='lat' dir='ltr'>parco</span> <span class='ocrx_word' id='word_1_117' title='bbox 470 1234 517 1272; x_wconf 87' lang='lat' dir='ltr'>de</span> <span class='ocrx_word' id='word_1_118' title='bbox 538 1233 650 1273; x_wconf 86' lang='lat' dir='ltr'>Cliue</span> <span class='ocrx_word' id='word_1_119' title='bbox 670 1233 827 1271; x_wconf 88' lang='lat' dir='ltr'>inuenti</span> <span class='ocrx_word' id='word_1_120' title='bbox 847 1233 1010 1271; x_wconf 87' lang='lat' dir='ltr'>fuerunt</span> <span class='ocrx_word' id='word_1_121' title='bbox 1030 1232 1114 1282; x_wconf 88' lang='lat' dir='ltr'>lviij</span> <span class='ocrx_word' id='word_1_122' title='bbox 1138 1232 1264 1282; x_wconf 89' lang='lat' dir='ltr'>ceppi.</span> 
     </span>
    </p>

    <p class='ocr_par' dir='ltr' id='par_1_9' title="bbox 261 1293 1078 1345">
     <span class='ocr_line' id='line_1_15' title="bbox 261 1293 1078 1345; baseline -0.002 -12"><span class='ocrx_word' id='word_1_123' title='bbox 261 1295 310 1334; x_wconf 94' lang='lat' dir='ltr'>In</span> <span class='ocrx_word' id='word_1_124' title='bbox 331 1295 500 1345; x_wconf 88' lang='lat' dir='ltr'>Morhey</span> <span class='ocrx_word' id='word_1_125' title='bbox 519 1294 675 1333; x_wconf 87' lang='lat' dir='ltr'>inuenti</span> <span class='ocrx_word' id='word_1_126' title='bbox 695 1294 860 1332; x_wconf 84' lang='lat' dir='ltr'>fuerunt</span> <span class='ocrx_word' id='word_1_127' title='bbox 880 1307 931 1332; x_wconf 79' lang='lat' dir='ltr'>xv</span> <span class='ocrx_word' id='word_1_128' title='bbox 951 1293 1078 1343; x_wconf 88' lang='lat' dir='ltr'>ceppi.</span> 
     </span>
    </p>

    <p class='ocr_par' dir='ltr' id='par_1_10' title="bbox 261 1354 968 1404">
     <span class='ocr_line' id='line_1_16' title="bbox 261 1354 968 1404; baseline -0.003 -10"><span class='ocrx_word' id='word_1_129' title='bbox 261 1355 310 1394; x_wconf 87' lang='lat' dir='ltr'>In</span> <span class='ocrx_word' id='word_1_130' title='bbox 330 1354 450 1394; x_wconf 85' lang='lat' dir='ltr'>bosco</span> <span class='ocrx_word' id='word_1_131' title='bbox 470 1356 517 1394; x_wconf 89' lang='lat' dir='ltr'>de</span> <span class='ocrx_word' id='word_1_132' title='bbox 537 1355 758 1404; x_wconf 83' lang='lat' dir='ltr'>Dudigton’</span> <span class='ocrx_word' id='word_1_133' title='bbox 780 1354 817 1404; x_wconf 79' lang='lat' dir='ltr'>xj</span> <span class='ocrx_word' id='word_1_134' title='bbox 841 1354 968 1404; x_wconf 88' lang='lat' dir='ltr'>ceppi.</span> 
     </span>
    </p>

    <p class='ocr_par' dir='ltr' id='par_1_11' title="bbox 263 1413 1365 1467">
     <span class='ocr_line' id='line_1_17' title="bbox 263 1413 1365 1467; baseline -0.003 -12"><span class='ocrx_word' id='word_1_135' title='bbox 263 1417 313 1455; x_wconf 88' lang='lat' dir='ltr'>In</span> <span class='ocrx_word' id='word_1_136' title='bbox 332 1429 453 1467; x_wconf 81' lang='lat' dir='ltr'>parco</span> <span class='ocrx_word' id='word_1_137' title='bbox 473 1416 521 1455; x_wconf 87' lang='lat' dir='ltr'>de</span> <span class='ocrx_word' id='word_1_138' title='bbox 541 1415 749 1455; x_wconf 84' lang='lat' dir='ltr'>Bricstoke</span> <span class='ocrx_word' id='word_1_139' title='bbox 768 1415 926 1454; x_wconf 86' lang='lat' dir='ltr'>inuenti</span> <span class='ocrx_word' id='word_1_140' title='bbox 946 1415 1110 1454; x_wconf 84' lang='lat' dir='ltr'>suerunt</span> <span class='ocrx_word' id='word_1_141' title='bbox 1131 1414 1214 1465; x_wconf 77' lang='lat' dir='ltr'>xliij</span> <span class='ocrx_word' id='word_1_142' title='bbox 1239 1413 1365 1464; x_wconf 82' lang='lat' dir='ltr'>ceppi.</span> 
     </span>
    </p>

    <p class='ocr_par' dir='ltr' id='par_1_12' title="bbox 259 1476 1513 1587">
     <span class='ocr_line' id='line_1_18' title="bbox 264 1476 1513 1526; baseline -0.002 -9"><span class='ocrx_word' id='word_1_143' title='bbox 264 1478 314 1517; x_wconf 90' lang='lat' dir='ltr'>In</span> <span class='ocrx_word' id='word_1_144' title='bbox 334 1477 465 1517; x_wconf 79' lang='lat' dir='ltr'>Bulax</span> <span class='ocrx_word' id='word_1_145' title='bbox 486 1481 525 1517; x_wconf 89' lang='lat' dir='ltr'>et</span> <span class='ocrx_word' id='word_1_146' title='bbox 545 1477 725 1516; x_wconf 82' lang='lat' dir='ltr'>Exhawe</span> <span class='ocrx_word' id='word_1_147' title='bbox 745 1477 902 1516; x_wconf 87' lang='lat' dir='ltr'>inuenti</span> <span class='ocrx_word' id='word_1_148' title='bbox 921 1477 1085 1516; x_wconf 85' lang='lat' dir='ltr'>fuerunt</span> <span class='ocrx_word' id='word_1_149' title='bbox 1105 1476 1172 1514; x_wconf 82' lang='lat' dir='ltr'>xix</span> <span class='ocrx_word' id='word_1_150' title='bbox 1193 1476 1306 1526; x_wconf 90' lang='lat' dir='ltr'>ceppi</span> <span class='ocrx_word' id='word_1_151' title='bbox 1326 1476 1513 1515; x_wconf 80' lang='lat' dir='ltr'>bletron&#39;.</span> 
     </span>
     <span class='ocr_line' id='line_1_19' title="bbox 259 1536 1320 1587; baseline -0.003 -9"><span class='ocrx_word' id='word_1_152' title='bbox 259 1538 366 1578; x_wconf 88' lang='lat' dir='ltr'>Item</span> <span class='ocrx_word' id='word_1_153' title='bbox 385 1540 428 1577; x_wconf 91' lang='lat' dir='ltr'>in</span> <span class='ocrx_word' id='word_1_154' title='bbox 448 1539 598 1578; x_wconf 85' lang='lat' dir='ltr'>eisdem</span> <span class='ocrx_word' id='word_1_155' title='bbox 618 1538 749 1577; x_wconf 84' lang='lat' dir='ltr'>boscis</span> <span class='ocrx_word' id='word_1_156' title='bbox 768 1538 927 1576; x_wconf 85' lang='lat' dir='ltr'>inuenti</span> <span class='ocrx_word' id='word_1_157' title='bbox 947 1537 1113 1576; x_wconf 85' lang='lat' dir='ltr'>fuerunt</span> <span class='ocrx_word' id='word_1_158' title='bbox 1133 1537 1174 1575; x_wconf 77' lang='lat' dir='ltr'>lx</span> <span class='ocrx_word' id='word_1_159' title='bbox 1194 1536 1320 1587; x_wconf 85' lang='lat' dir='ltr'>ceppi.</span> 
     </span>
    </p>
   </div>
   <div class='ocr_carea' id='block_1_9' title="bbox 241 1704 1847 1752">
    <p class='ocr_par' dir='ltr' id='par_1_13' title="bbox 241 1704 1847 1752">
     <span class='ocr_line' id='line_1_20' title="bbox 241 1704 1847 1752; baseline -0.001 -10"><span class='ocrx_word' id='word_1_160' title='bbox 241 1706 296 1743; x_wconf 83' lang='lat' dir='ltr'>In</span> <span class='ocrx_word' id='word_1_161' title='bbox 315 1705 516 1743; x_wconf 84' lang='lat' dir='ltr'>secundo</span> <span class='ocrx_word' id='word_1_162' title='bbox 533 1706 727 1742; x_wconf 82' lang='lat' dir='ltr'>reuardo</span> <span class='ocrx_word' id='word_1_163' title='bbox 746 1706 801 1742; x_wconf 88' lang='lat' dir='ltr'>de</span> <span class='ocrx_word' id='word_1_164' title='bbox 819 1705 1001 1752; x_wconf 78' lang='lat' dir='ltr'>ceppis3</span> <span class='ocrx_word' id='word_1_165' title='bbox 1027 1715 1147 1742; x_wconf 84' lang='lat' dir='ltr'>anno</span> <span class='ocrx_word' id='word_1_166' title='bbox 1165 1705 1295 1749; x_wconf 82' lang='lat' dir='ltr'>regni</span> <span class='ocrx_word' id='word_1_167' title='bbox 1312 1706 1433 1749; x_wconf 71' lang='lat' dir='ltr'>regis</span> <span class='ocrx_word' id='word_1_168' title='bbox 1452 1704 1648 1741; x_wconf 73' lang='lat' dir='ltr'>Heni-ici</span> <span class='ocrx_word' id='word_1_169' title='bbox 1665 1704 1847 1749; x_wconf 80' lang='lat' dir='ltr'>xxxvij.</span> 
     </span>
    </p>
   </div>
   <div class='ocr_carea' id='block_1_10' title="bbox 182 1787 1907 1903">
    <p class='ocr_par' dir='ltr' id='par_1_14' title="bbox 182 1787 1907 1903">
     <span class='ocr_line' id='line_1_21' title="bbox 260 1787 1907 1841; baseline -0.002 -11"><span class='ocrx_word' id='word_1_170' title='bbox 260 1791 412 1830; x_wconf 83' lang='lat' dir='ltr'>Dicunt</span> <span class='ocrx_word' id='word_1_171' title='bbox 432 1790 537 1841; x_wconf 87' lang='lat' dir='ltr'>quod</span> <span class='ocrx_word' id='word_1_172' title='bbox 555 1791 713 1830; x_wconf 86' lang='lat' dir='ltr'>inuenti</span> <span class='ocrx_word' id='word_1_173' title='bbox 733 1790 897 1830; x_wconf 82' lang='lat' dir='ltr'>fuerunt</span> <span class='ocrx_word' id='word_1_174' title='bbox 918 1790 1215 1841; x_wconf 82' lang='lat' dir='ltr'>sexies-uiginti</span> <span class='ocrx_word' id='word_1_175' title='bbox 1235 1798 1274 1830; x_wconf 82' lang='lat' dir='ltr'>et</span> <span class='ocrx_word' id='word_1_176' title='bbox 1294 1803 1318 1830; x_wconf 83' lang='lat' dir='ltr'>v</span> <span class='ocrx_word' id='word_1_177' title='bbox 1337 1790 1450 1840; x_wconf 88' lang='lat' dir='ltr'>ceppi</span> <span class='ocrx_word' id='word_1_178' title='bbox 1474 1803 1543 1840; x_wconf 85' lang='lat' dir='ltr'>per</span> <span class='ocrx_word' id='word_1_179' title='bbox 1564 1792 1691 1828; x_wconf 69' lang='lat' dir='ltr'>totam</span> <span class='ocrx_word' id='word_1_180' title='bbox 1714 1787 1907 1827; x_wconf 71' lang='lat' dir='ltr'>balliuam</span> 
     </span>
     <span class='ocr_line' id='line_1_22' title="bbox 182 1850 1130 1903; baseline -0.002 -11"><span class='ocrx_word' id='word_1_181' title='bbox 182 1851 230 1892; x_wconf 86' lang='lat' dir='ltr'>de</span> <span class='ocrx_word' id='word_1_182' title='bbox 251 1853 375 1903; x_wconf 80' lang='lat' dir='ltr'>Glyue</span> <span class='ocrx_word' id='word_1_183' title='bbox 395 1853 437 1891; x_wconf 85' lang='lat' dir='ltr'>in</span> <span class='ocrx_word' id='word_1_184' title='bbox 457 1852 670 1891; x_wconf 82' lang='lat' dir='ltr'>dominicis</span> <span class='ocrx_word' id='word_1_185' title='bbox 689 1850 819 1891; x_wconf 83' lang='lat' dir='ltr'>boscis</span> <span class='ocrx_word' id='word_1_186' title='bbox 840 1851 993 1890; x_wconf 87' lang='lat' dir='ltr'>domini</span> <span class='ocrx_word' id='word_1_187' title='bbox 1013 1852 1130 1902; x_wconf 83' lang='lat' dir='ltr'>regis.</span> 
     </span>
    </p>
   </div>
   <div class='ocr_carea' id='block_1_11' title="bbox 182 1909 1905 2024">
    <p class='ocr_par' dir='ltr' id='par_1_15' title="bbox 182 1909 1905 2024">
     <span class='ocr_line' id='line_1_23' title="bbox 262 1909 1905 1962; baseline -0.002 -11"><span class='ocrx_word' id='word_1_188' title='bbox 262 1914 367 1952; x_wconf 87' lang='lat' dir='ltr'>Item</span> <span class='ocrx_word' id='word_1_189' title='bbox 398 1912 538 1951; x_wconf 85' lang='lat' dir='ltr'>dicunt</span> <span class='ocrx_word' id='word_1_190' title='bbox 571 1913 676 1962; x_wconf 86' lang='lat' dir='ltr'>quod</span> <span class='ocrx_word' id='word_1_191' title='bbox 707 1912 865 1951; x_wconf 87' lang='lat' dir='ltr'>inuenti</span> <span class='ocrx_word' id='word_1_192' title='bbox 896 1912 1059 1950; x_wconf 85' lang='lat' dir='ltr'>fuerunt</span> <span class='ocrx_word' id='word_1_193' title='bbox 1092 1912 1134 1949; x_wconf 90' lang='lat' dir='ltr'>in</span> <span class='ocrx_word' id='word_1_194' title='bbox 1165 1910 1301 1950; x_wconf 78' lang='lat' dir='ltr'>balina</span> <span class='ocrx_word' id='word_1_195' title='bbox 1334 1910 1382 1949; x_wconf 84' lang='lat' dir='ltr'>de</span> <span class='ocrx_word' id='word_1_196' title='bbox 1411 1910 1660 1957; x_wconf 80' lang='lat' dir='ltr'>Brikestoke‚</span> <span class='ocrx_word' id='word_1_197' title='bbox 1682 1909 1834 1949; x_wconf 84' lang='lat' dir='ltr'>scilicet</span> <span class='ocrx_word' id='word_1_198' title='bbox 1863 1909 1905 1947; x_wconf 91' lang='lat' dir='ltr'>in</span> 
     </span>
     <span class='ocr_line' id='line_1_24' title="bbox 182 1972 1465 2024; baseline -0.002 -11"><span class='ocrx_word' id='word_1_199' title='bbox 182 1985 302 2023; x_wconf 75' lang='lat' dir='ltr'>parco</span> <span class='ocrx_word' id='word_1_200' title='bbox 323 1977 361 2013; x_wconf 91' lang='lat' dir='ltr'>et</span> <span class='ocrx_word' id='word_1_201' title='bbox 382 1974 424 2013; x_wconf 79' lang='lat' dir='ltr'>in</span> <span class='ocrx_word' id='word_1_202' title='bbox 445 1973 563 2013; x_wconf 85' lang='lat' dir='ltr'>bosco</span> <span class='ocrx_word' id='word_1_203' title='bbox 584 1974 631 2012; x_wconf 88' lang='lat' dir='ltr'>de</span> <span class='ocrx_word' id='word_1_204' title='bbox 652 1974 920 2024; x_wconf 75' lang='lat' dir='ltr'>Geytingtun&#39;</span> <span class='ocrx_word' id='word_1_205' title='bbox 942 1972 1321 2022; x_wconf 78' lang='lat' dir='ltr'>quinquies-uiginti</span> <span class='ocrx_word' id='word_1_206' title='bbox 1341 1972 1465 2022; x_wconf 87' lang='lat' dir='ltr'>ceppi‚</span> 
     </span>
    </p>
   </div>
   <div class='ocr_carea' id='block_1_12' title="bbox 302 2127 1753 2174">
    <p class='ocr_par' dir='ltr' id='par_1_16' title="bbox 302 2127 1753 2174">
     <span class='ocr_line' id='line_1_25' title="bbox 302 2127 1753 2174; baseline -0.003 -8"><span class='ocrx_word' id='word_1_207' title='bbox 302 2134 305 2137; x_wconf 82' lang='lat'>&#39;</span> <span class='ocrx_word' id='word_1_208' title='bbox 357 2130 413 2166; x_wconf 81' lang='lat' dir='ltr'>In</span> <span class='ocrx_word' id='word_1_209' title='bbox 430 2128 574 2166; x_wconf 82' lang='lat' dir='ltr'>tercio</span> <span class='ocrx_word' id='word_1_210' title='bbox 592 2128 789 2165; x_wconf 74' lang='lat' dir='ltr'>renardo</span> <span class='ocrx_word' id='word_1_211' title='bbox 808 2129 865 2165; x_wconf 87' lang='lat' dir='ltr'>de</span> <span class='ocrx_word' id='word_1_212' title='bbox 884 2129 1068 2174; x_wconf 80' lang='lat' dir='ltr'>ceppis;</span> <span class='ocrx_word' id='word_1_213' title='bbox 1095 2137 1214 2164; x_wconf 83' lang='lat' dir='ltr'>anno</span> <span class='ocrx_word' id='word_1_214' title='bbox 1231 2129 1362 2172; x_wconf 83' lang='lat' dir='ltr'>regni</span> <span class='ocrx_word' id='word_1_215' title='bbox 1380 2128 1571 2164; x_wconf 79' lang='lat' dir='ltr'>Henrici</span> <span class='ocrx_word' id='word_1_216' title='bbox 1588 2127 1753 2163; x_wconf 77' lang='lat' dir='ltr'>xxxix,</span> 
     </span>
    </p>
   </div>
   <div class='ocr_carea' id='block_1_13' title="bbox 181 2210 1903 2628">
    <p class='ocr_par' dir='ltr' id='par_1_17' title="bbox 181 2210 1903 2326">
     <span class='ocr_line' id='line_1_26' title="bbox 258 2210 1903 2265; baseline -0.003 -11"><span class='ocrx_word' id='word_1_217' title='bbox 258 2214 411 2254; x_wconf 88' lang='lat' dir='ltr'>Dicunt</span> <span class='ocrx_word' id='word_1_218' title='bbox 439 2213 544 2265; x_wconf 84' lang='lat' dir='ltr'>quod</span> <span class='ocrx_word' id='word_1_219' title='bbox 574 2214 732 2254; x_wconf 85' lang='lat' dir='ltr'>inuenti</span> <span class='ocrx_word' id='word_1_220' title='bbox 765 2214 928 2253; x_wconf 87' lang='lat' dir='ltr'>fuerunt</span> <span class='ocrx_word' id='word_1_221' title='bbox 958 2213 1000 2252; x_wconf 88' lang='lat' dir='ltr'>in</span> <span class='ocrx_word' id='word_1_222' title='bbox 1033 2226 1153 2263; x_wconf 76' lang='lat' dir='ltr'>parco</span> <span class='ocrx_word' id='word_1_223' title='bbox 1182 2214 1229 2253; x_wconf 87' lang='lat' dir='ltr'>de</span> <span class='ocrx_word' id='word_1_224' title='bbox 1258 2214 1297 2252; x_wconf 82' lang='lat' dir='ltr'>la</span> <span class='ocrx_word' id='word_1_225' title='bbox 1328 2214 1452 2264; x_wconf 76' lang='lat' dir='ltr'>Clyue</span> <span class='ocrx_word' id='word_1_226' title='bbox 1481 2211 1770 2263; x_wconf 76' lang='lat' dir='ltr'>octies-uiginti</span> <span class='ocrx_word' id='word_1_227' title='bbox 1791 2215 1829 2251; x_wconf 89' lang='lat' dir='ltr'>et</span> <span class='ocrx_word' id='word_1_228' title='bbox 1851 2210 1903 2261; x_wconf 69' lang='lat' dir='ltr'>xij</span> 
     </span>
     <span class='ocr_line' id='line_1_27' title="bbox 181 2287 307 2326; baseline -0.016 -10"><span class='ocrx_word' id='word_1_229' title='bbox 181 2287 307 2326; x_wconf 71' lang='lat' dir='ltr'>ceppi.</span> 
     </span>
    </p>

    <p class='ocr_par' dir='ltr' id='par_1_18' title="bbox 260 2333 1544 2384">
     <span class='ocr_line' id='line_1_28' title="bbox 260 2333 1544 2384; baseline -0.002 -8"><span class='ocrx_word' id='word_1_230' title='bbox 260 2338 310 2376; x_wconf 88' lang='lat' dir='ltr'>In</span> <span class='ocrx_word' id='word_1_231' title='bbox 331 2336 451 2376; x_wconf 81' lang='lat' dir='ltr'>bosco</span> <span class='ocrx_word' id='word_1_232' title='bbox 472 2337 519 2375; x_wconf 87' lang='lat' dir='ltr'>de</span> <span class='ocrx_word' id='word_1_233' title='bbox 541 2335 679 2375; x_wconf 74' lang='lat' dir='ltr'>Firma</span> <span class='ocrx_word' id='word_1_234' title='bbox 699 2334 746 2375; x_wconf 83' lang='lat' dir='ltr'>de</span> <span class='ocrx_word' id='word_1_235' title='bbox 767 2335 879 2375; x_wconf 79' lang='lat' dir='ltr'>Cliue</span> <span class='ocrx_word' id='word_1_236' title='bbox 899 2335 1056 2374; x_wconf 84' lang='lat' dir='ltr'>inuenti</span> <span class='ocrx_word' id='word_1_237' title='bbox 1078 2335 1240 2374; x_wconf 81' lang='lat' dir='ltr'>fuerunt</span> <span class='ocrx_word' id='word_1_238' title='bbox 1260 2334 1392 2384; x_wconf 70' lang='lat' dir='ltr'>xxxvij</span> <span class='ocrx_word' id='word_1_239' title='bbox 1417 2333 1544 2384; x_wconf 82' lang='lat' dir='ltr'>ceppi.</span> 
     </span>
    </p>

    <p class='ocr_par' dir='ltr' id='par_1_19' title="bbox 262 2394 1739 2448">
     <span class='ocr_line' id='line_1_29' title="bbox 262 2394 1739 2448; baseline -0.004 -11"><span class='ocrx_word' id='word_1_240' title='bbox 262 2399 312 2436; x_wconf 90' lang='lat' dir='ltr'>In</span> <span class='ocrx_word' id='word_1_241' title='bbox 331 2398 451 2437; x_wconf 82' lang='lat' dir='ltr'>bosco</span> <span class='ocrx_word' id='word_1_242' title='bbox 472 2398 519 2436; x_wconf 85' lang='lat' dir='ltr'>de</span> <span class='ocrx_word' id='word_1_243' title='bbox 541 2398 686 2448; x_wconf 75' lang='lat' dir='ltr'>Synele</span> <span class='ocrx_word' id='word_1_244' title='bbox 706 2397 863 2435; x_wconf 81' lang='lat' dir='ltr'>inuenti</span> <span class='ocrx_word' id='word_1_245' title='bbox 883 2397 1047 2435; x_wconf 80' lang='lat' dir='ltr'>fuerunt</span> <span class='ocrx_word' id='word_1_246' title='bbox 1069 2396 1447 2446; x_wconf 80' lang='lat' dir='ltr'>quinquies—uiginti</span> <span class='ocrx_word' id='word_1_247' title='bbox 1468 2398 1506 2434; x_wconf 87' lang='lat' dir='ltr'>et</span> <span class='ocrx_word' id='word_1_248' title='bbox 1528 2394 1594 2433; x_wconf 80' lang='lat' dir='ltr'>xix</span> <span class='ocrx_word' id='word_1_249' title='bbox 1614 2394 1739 2444; x_wconf 83' lang='lat' dir='ltr'>ceppi.</span> 
     </span>
    </p>

    <p class='ocr_par' dir='ltr' id='par_1_20' title="bbox 261 2457 1221 2509">
     <span class='ocr_line' id='line_1_30' title="bbox 261 2457 1221 2509; baseline -0.003 -11"><span class='ocrx_word' id='word_1_250' title='bbox 261 2459 311 2497; x_wconf 87' lang='lat' dir='ltr'>In</span> <span class='ocrx_word' id='word_1_251' title='bbox 332 2459 451 2498; x_wconf 79' lang='lat' dir='ltr'>bosco</span> <span class='ocrx_word' id='word_1_252' title='bbox 472 2459 650 2509; x_wconf 81' lang='lat' dir='ltr'>Vesthey</span> <span class='ocrx_word' id='word_1_253' title='bbox 669 2457 826 2497; x_wconf 84' lang='lat' dir='ltr'>inuenti</span> <span class='ocrx_word' id='word_1_254' title='bbox 847 2458 1011 2497; x_wconf 85' lang='lat' dir='ltr'>fuerunt</span> <span class='ocrx_word' id='word_1_255' title='bbox 1033 2457 1075 2495; x_wconf 75' lang='lat' dir='ltr'>lx</span> <span class='ocrx_word' id='word_1_256' title='bbox 1094 2457 1221 2507; x_wconf 89' lang='lat' dir='ltr'>ceppi.</span> 
     </span>
    </p>

    <p class='ocr_par' dir='ltr' id='par_1_21' title="bbox 267 2518 933 2569">
     <span class='ocr_line' id='line_1_31' title="bbox 267 2518 933 2569; baseline -0.005 -11"><span class='ocrx_word' id='word_1_257' title='bbox 267 2519 317 2557; x_wconf 85' lang='lat' dir='ltr'>In</span> <span class='ocrx_word' id='word_1_258' title='bbox 336 2520 456 2558; x_wconf 84' lang='lat' dir='ltr'>bosco</span> <span class='ocrx_word' id='word_1_259' title='bbox 476 2520 524 2558; x_wconf 91' lang='lat' dir='ltr'>de</span> <span class='ocrx_word' id='word_1_260' title='bbox 543 2519 712 2569; x_wconf 81' lang='lat' dir='ltr'>Morhey</span> <span class='ocrx_word' id='word_1_261' title='bbox 731 2519 787 2556; x_wconf 79' lang='lat' dir='ltr'>lix</span> <span class='ocrx_word' id='word_1_262' title='bbox 806 2518 933 2567; x_wconf 88' lang='lat' dir='ltr'>ceppi.</span> 
     </span>
    </p>

    <p class='ocr_par' dir='ltr' id='par_1_22' title="bbox 262 2579 924 2628">
     <span class='ocr_line' id='line_1_32' title="bbox 262 2579 924 2628; baseline -0.003 -9"><span class='ocrx_word' id='word_1_263' title='bbox 262 2581 313 2619; x_wconf 90' lang='lat' dir='ltr'>In</span> <span class='ocrx_word' id='word_1_264' title='bbox 332 2580 452 2619; x_wconf 84' lang='lat' dir='ltr'>bosco</span> <span class='ocrx_word' id='word_1_265' title='bbox 477 2581 524 2618; x_wconf 88' lang='lat' dir='ltr'>de</span> <span class='ocrx_word' id='word_1_266' title='bbox 546 2581 705 2618; x_wconf 80' lang='lat' dir='ltr'>Tothou</span> <span class='ocrx_word' id='word_1_267' title='bbox 726 2593 778 2616; x_wconf 78' lang='lat' dir='ltr'>xx</span> <span class='ocrx_word' id='word_1_268' title='bbox 798 2579 924 2628; x_wconf 87' lang='lat' dir='ltr'>ceppi.</span> 
     </span>
    </p>
   </div>
   <div class='ocr_carea' id='block_1_14' title="bbox 181 2637 1909 3049">
    <p class='ocr_par' dir='ltr' id='par_1_23' title="bbox 181 2637 1909 3049">
     <span class='ocr_line' id='line_1_33' title="bbox 210 2637 1909 2709; baseline -0.003 -30"><span class='ocrx_word' id='word_1_269' title='bbox 210 2701 216 2709; x_wconf 87' lang='lat'>.</span> <span class='ocrx_word' id='word_1_270' title='bbox 260 2642 309 2679; x_wconf 85' lang='lat' dir='ltr'>In</span> <span class='ocrx_word' id='word_1_271' title='bbox 343 2654 462 2691; x_wconf 79' lang='lat' dir='ltr'>parco</span> <span class='ocrx_word' id='word_1_272' title='bbox 495 2642 542 2680; x_wconf 83' lang='lat' dir='ltr'>de</span> <span class='ocrx_word' id='word_1_273' title='bbox 562 2640 771 2680; x_wconf 81' lang='lat' dir='ltr'>Bricstoke</span> <span class='ocrx_word' id='word_1_274' title='bbox 792 2643 830 2679; x_wconf 86' lang='lat' dir='ltr'>et</span> <span class='ocrx_word' id='word_1_275' title='bbox 850 2641 892 2678; x_wconf 84' lang='lat' dir='ltr'>in</span> <span class='ocrx_word' id='word_1_276' title='bbox 921 2639 1040 2679; x_wconf 85' lang='lat' dir='ltr'>bosco</span> <span class='ocrx_word' id='word_1_277' title='bbox 1059 2637 1107 2679; x_wconf 84' lang='lat' dir='ltr'>de</span> <span class='ocrx_word' id='word_1_278' title='bbox 1129 2638 1368 2691; x_wconf 82' lang='lat' dir='ltr'>Geytintun⁹</span> <span class='ocrx_word' id='word_1_279' title='bbox 1396 2637 1552 2678; x_wconf 84' lang='lat' dir='ltr'>inuenti</span> <span class='ocrx_word' id='word_1_280' title='bbox 1582 2637 1746 2677; x_wconf 77' lang='lat' dir='ltr'>fuerunt</span> <span class='ocrx_word' id='word_1_281' title='bbox 1777 2648 1841 2676; x_wconf 81' lang='lat' dir='ltr'>ccc</span> <span class='ocrx_word' id='word_1_282' title='bbox 1870 2638 1909 2675; x_wconf 81' lang='lat' dir='ltr'>et</span> 
     </span>
     <span class='ocr_line' id='line_1_34' title="bbox 181 2713 1289 2811; baseline -0.003 -9"><span class='ocrx_word' id='word_1_283' title='bbox 181 2713 232 2754; x_wconf 58' lang='grc' dir='ltr'>Ἦ]</span> <span class='ocrx_word' id='word_1_284' title='bbox 256 2715 455 2802; x_wconf 46' lang='grc' dir='ltr'>ῗῗῗῷοο</span> <span class='ocrx_word' id='word_1_285' title='bbox 479 2760 525 2801; x_wconf 85' lang='grc'>(16</span> <span class='ocrx_word' id='word_1_286' title='bbox 546 2762 684 2800; x_wconf 77' lang='lat' dir='ltr'>Firma</span> <span class='ocrx_word' id='word_1_287' title='bbox 703 2760 860 2800; x_wconf 84' lang='lat' dir='ltr'>inuenti</span> <span class='ocrx_word' id='word_1_288' title='bbox 880 2760 1044 2800; x_wconf 80' lang='lat' dir='ltr'>fuerunt</span> <span class='ocrx_word' id='word_1_289' title='bbox 1065 2759 1140 2811; x_wconf 82' lang='lat' dir='ltr'>clvj</span> <span class='ocrx_word' id='word_1_290' title='bbox 1163 2759 1289 2810; x_wconf 59' lang='lat' dir='ltr'>ceppL</span> 
     </span>
     <span class='ocr_line' id='line_1_35' title="bbox 268 2852 1894 2912; baseline -0.005 -12"><span class='ocrx_word' id='word_1_291' title='bbox 268 2858 310 2901; x_wconf 90' lang='lat' dir='ltr'>It</span> <span class='ocrx_word' id='word_1_292' title='bbox 332 2860 417 2902; x_wconf 83' lang='lat' dir='ltr'>will</span> <span class='ocrx_word' id='word_1_293' title='bbox 438 2859 490 2902; x_wconf 88' lang='lat' dir='ltr'>be</span> <span class='ocrx_word' id='word_1_294' title='bbox 513 2873 615 2901; x_wconf 83' lang='lat' dir='ltr'>seen</span> <span class='ocrx_word' id='word_1_295' title='bbox 637 2859 735 2901; x_wconf 82' lang='lat' dir='ltr'>that</span> <span class='ocrx_word' id='word_1_296' title='bbox 767 2858 842 2901; x_wconf 86' lang='lat' dir='ltr'>the</span> <span class='ocrx_word' id='word_1_297' title='bbox 874 2857 1102 2912; x_wconf 79' lang='lat' dir='ltr'>regarders</span> <span class='ocrx_word' id='word_1_298' title='bbox 1135 2856 1316 2911; x_wconf 78' lang='lat' dir='ltr'>ignored</span> <span class='ocrx_word' id='word_1_299' title='bbox 1349 2870 1374 2899; x_wconf 76' lang='lat' dir='ltr'>a</span> <span class='ocrx_word' id='word_1_300' title='bbox 1405 2855 1581 2911; x_wconf 79' lang='lat' dir='ltr'>portion</span> <span class='ocrx_word' id='word_1_301' title='bbox 1614 2855 1660 2896; x_wconf 84' lang='lat' dir='ltr'>of</span> <span class='ocrx_word' id='word_1_302' title='bbox 1689 2854 1762 2896; x_wconf 83' lang='lat' dir='ltr'>the</span> <span class='ocrx_word' id='word_1_303' title='bbox 1794 2852 1894 2894; x_wconf 86' lang='lat' dir='ltr'>fifth</span> 
     </span>
     <span class='ocr_line' id='line_1_36' title="bbox 182 2922 1905 2982; baseline -0.005 -13"><span class='ocrx_word' id='word_1_304' title='bbox 182 2926 361 2982; x_wconf 78' lang='lat' dir='ltr'>chapter</span> <span class='ocrx_word' id='word_1_305' title='bbox 383 2928 470 2969; x_wconf 78' lang='lat' dir='ltr'>and</span> <span class='ocrx_word' id='word_1_306' title='bbox 493 2928 595 2982; x_wconf 78' lang='lat' dir='ltr'>only</span> <span class='ocrx_word' id='word_1_307' title='bbox 617 2927 839 2970; x_wconf 78' lang='lat' dir='ltr'>answered</span> <span class='ocrx_word' id='word_1_308' title='bbox 877 2927 952 2968; x_wconf 86' lang='lat' dir='ltr'>the</span> <span class='ocrx_word' id='word_1_309' title='bbox 984 2926 1233 2967; x_wconf 73' lang='lat' dir='ltr'>remainder</span> <span class='ocrx_word' id='word_1_310' title='bbox 1256 2926 1302 2967; x_wconf 83' lang='lat' dir='ltr'>of</span> <span class='ocrx_word' id='word_1_311' title='bbox 1330 2925 1364 2967; x_wconf 87' lang='lat' dir='ltr'>it</span> <span class='ocrx_word' id='word_1_312' title='bbox 1397 2924 1442 2966; x_wconf 81' lang='lat' dir='ltr'>in</span> <span class='ocrx_word' id='word_1_313' title='bbox 1465 2938 1491 2966; x_wconf 79' lang='lat' dir='ltr'>a</span> <span class='ocrx_word' id='word_1_314' title='bbox 1513 2938 1617 2977; x_wconf 80' lang='lat' dir='ltr'>very</span> <span class='ocrx_word' id='word_1_315' title='bbox 1640 2922 1905 2974; x_wconf 76' lang='lat' dir='ltr'>inadequatc</span> 
     </span>
     <span class='ocr_line' id='line_1_37' title="bbox 183 2992 1895 3049; baseline -0.005 -10"><span class='ocrx_word' id='word_1_316' title='bbox 183 2998 369 3040; x_wconf 76' lang='lat' dir='ltr'>fashion.</span> <span class='ocrx_word' id='word_1_317' title='bbox 432 2998 484 3038; x_wconf 88' lang='lat' dir='ltr'>In</span> <span class='ocrx_word' id='word_1_318' title='bbox 517 2995 592 3039; x_wconf 85' lang='lat' dir='ltr'>the</span> <span class='ocrx_word' id='word_1_319' title='bbox 631 2996 790 3038; x_wconf 83' lang='lat' dir='ltr'>second</span> <span class='ocrx_word' id='word_1_320' title='bbox 824 2994 980 3049; x_wconf 78' lang='lat' dir='ltr'>regard</span> <span class='ocrx_word' id='word_1_321' title='bbox 1015 2995 1118 3049; x_wconf 76' lang='lat' dir='ltr'>they</span> <span class='ocrx_word' id='word_1_322' title='bbox 1154 2993 1208 3036; x_wconf 85' lang='lat' dir='ltr'>do</span> <span class='ocrx_word' id='word_1_323' title='bbox 1242 2996 1319 3036; x_wconf 81' lang='lat' dir='ltr'>not</span> <span class='ocrx_word' id='word_1_324' title='bbox 1354 3006 1460 3036; x_wconf 82' lang='lat' dir='ltr'>even</span> <span class='ocrx_word' id='word_1_325' title='bbox 1496 2994 1609 3035; x_wconf 81' lang='lat' dir='ltr'>state</span> <span class='ocrx_word' id='word_1_326' title='bbox 1643 2992 1736 3033; x_wconf 81' lang='lat' dir='ltr'>how</span> <span class='ocrx_word' id='word_1_327' title='bbox 1760 3002 1895 3041; x_wconf 79' lang='lat' dir='ltr'>many</span> 
     </span>
    </p>
   </div>
   <div class='ocr_carea' id='block_1_15' title="bbox 668 3105 1396 3149">
    <p class='ocr_par' dir='ltr' id='par_1_24' title="bbox 668 3105 1396 3149">
     <span class='ocr_line' id='line_1_38' title="bbox 668 3105 1396 3149; baseline -0.004 -9"><span class='ocrx_word' id='word_1_328' title='bbox 668 3107 676 3127; x_wconf 85' lang='lat'><strong>¹</strong></span> <span class='ocrx_word' id='word_1_329' title='bbox 701 3108 782 3140; x_wconf 58' lang='lat' dir='ltr'>For,</span> <span class='ocrx_word' id='word_1_330' title='bbox 799 3107 908 3146; x_wconf 61' lang='lat' dir='ltr'>Proc„</span> <span class='ocrx_word' id='word_1_331' title='bbox 929 3107 984 3140; x_wconf 78' lang='lat' dir='ltr'>Tr.</span> <span class='ocrx_word' id='word_1_332' title='bbox 998 3106 1036 3149; x_wconf 87' lang='lat' dir='ltr'>of</span> <span class='ocrx_word' id='word_1_333' title='bbox 1049 3107 1138 3145; x_wconf 66' lang='lat' dir='ltr'>Rea,</span> <span class='ocrx_word' id='word_1_334' title='bbox 1157 3105 1218 3139; x_wconf 92' lang='lat' dir='ltr'>No.</span> <span class='ocrx_word' id='word_1_335' title='bbox 1236 3106 1288 3144; x_wconf 79' lang='lat'>67,</span> <span class='ocrx_word' id='word_1_336' title='bbox 1305 3116 1349 3138; x_wconf 80' lang='lat' dir='ltr'>m.</span> <span class='ocrx_word' id='word_1_337' title='bbox 1367 3105 1396 3138; x_wconf 86' lang='lat'>7.</span> 
     </span>
    </p>
   </div>
  </div>
 </body>
</html>
