<?xml version="1.0" encoding="UTF-8"?>
<!DOCTYPE html PUBLIC "-//W3C//DTD XHTML 1.0 Transitional//EN"
    "http://www.w3.org/TR/xhtml1/DTD/xhtml1-transitional.dtd">
<html xmlns="http://www.w3.org/1999/xhtml" xml:lang="en" lang="en">
 <head>
  <title>
</title>
<meta http-equiv="Content-Type" content="text/html;charset=utf-8" />
  <meta name='ocr-system' content='tesseract 3.04.00' />
  <meta name='ocr-capabilities' content='ocr_page ocr_carea ocr_par ocr_line ocrx_word'/>
</head>
<body>
  <div class='ocr_page' id='page_1' title='image "./selectpleasoffor00grearich_0224.png"; bbox 0 0 2421 3529; ppageno 0'>
   <div class='ocr_carea' id='block_1_1' title="bbox 282 235 1754 280">
    <p class='ocr_par' dir='ltr' id='par_1_1' title="bbox 282 235 1754 280">
     <span class='ocr_line' id='line_1_1' title="bbox 282 235 1754 280; baseline -0.005 0"><span class='ocrx_word' id='word_1_1' title='bbox 282 235 341 280; x_wconf 77' lang='grc'>38</span> <span class='ocrx_word' id='word_1_2' title='bbox 536 242 845 278; x_wconf 76' lang='lat' dir='ltr'>SELECTIONS</span> <span class='ocrx_word' id='word_1_3' title='bbox 880 242 1020 277; x_wconf 80' lang='lat' dir='ltr'><strong>FROM</strong></span> <span class='ocrx_word' id='word_1_4' title='bbox 1056 241 1159 276; x_wconf 85' lang='lat' dir='ltr'>THE</span> <span class='ocrx_word' id='word_1_5' title='bbox 1194 240 1384 276; x_wconf 80' lang='lat' dir='ltr'>FOREST</span> <span class='ocrx_word' id='word_1_6' title='bbox 1420 239 1558 275; x_wconf 86' lang='lat' dir='ltr'><strong>EYRE</strong></span> <span class='ocrx_word' id='word_1_7' title='bbox 1594 239 1754 274; x_wconf 84' lang='lat' dir='ltr'>ROLLS</span> 
     </span>
    </p>
   </div>
   <div class='ocr_carea' id='block_1_2' title="bbox 276 351 2004 1172">
    <p class='ocr_par' dir='ltr' id='par_1_2' title="bbox 276 351 2004 1172">
     <span class='ocr_line' id='line_1_2' title="bbox 278 351 2001 410; baseline -0.003 -10"><span class='ocrx_word' id='word_1_8' title='bbox 278 357 459 400; x_wconf 86' lang='lat' dir='ltr'>Wedon’</span> <span class='ocrx_word' id='word_1_9' title='bbox 484 357 536 398; x_wconf 90' lang='lat' dir='ltr'>de</span> <span class='ocrx_word' id='word_1_10' title='bbox 560 357 710 398; x_wconf 88' lang='lat' dir='ltr'>eadem</span> <span class='ocrx_word' id='word_1_11' title='bbox 734 357 913 398; x_wconf 88' lang='lat' dir='ltr'>fuerunt</span> <span class='ocrx_word' id='word_1_12' title='bbox 935 354 1065 410; x_wconf 83' lang='lat' dir='ltr'>plegii</span> <span class='ocrx_word' id='word_1_13' title='bbox 1085 354 1292 396; x_wconf 84' lang='lat' dir='ltr'>Willelmi</span> <span class='ocrx_word' id='word_1_14' title='bbox 1314 354 1435 396; x_wconf 85' lang='lat' dir='ltr'>Bolle</span> <span class='ocrx_word' id='word_1_15' title='bbox 1458 352 1676 395; x_wconf 78' lang='lat' dir='ltr'>forestarii</span> <span class='ocrx_word' id='word_1_16' title='bbox 1708 352 1760 394; x_wconf 93' lang='lat' dir='ltr'>de</span> <span class='ocrx_word' id='word_1_17' title='bbox 1791 351 2001 394; x_wconf 89' lang='lat' dir='ltr'>fidelitate</span> 
     </span>
     <span class='ocr_line' id='line_1_3' title="bbox 278 421 2002 476; baseline -0.003 -8"><span class='ocrx_word' id='word_1_18' title='bbox 278 430 359 469; x_wconf 91' lang='lat' dir='ltr'>etc.</span> <span class='ocrx_word' id='word_1_19' title='bbox 398 429 439 468; x_wconf 90' lang='lat' dir='ltr'>et</span> <span class='ocrx_word' id='word_1_20' title='bbox 481 426 610 468; x_wconf 87' lang='lat' dir='ltr'>modo</span> <span class='ocrx_word' id='word_1_21' title='bbox 647 428 712 467; x_wconf 89' lang='lat' dir='ltr'>est</span> <span class='ocrx_word' id='word_1_22' title='bbox 745 425 972 467; x_wconf 88' lang='lat' dir='ltr'>conuictus</span> <span class='ocrx_word' id='word_1_23' title='bbox 1007 424 1058 465; x_wconf 88' lang='lat' dir='ltr'>de</span> <span class='ocrx_word' id='word_1_24' title='bbox 1100 423 1449 476; x_wconf 77' lang='lat' dir='ltr'>transgressione</span> <span class='ocrx_word' id='word_1_25' title='bbox 1483 421 1732 464; x_wconf 84' lang='lat' dir='ltr'>venacionis</span> <span class='ocrx_word' id='word_1_26' title='bbox 1770 423 1866 472; x_wconf 91' lang='lat' dir='ltr'>etc.‚</span> <span class='ocrx_word' id='word_1_27' title='bbox 1905 421 2002 462; x_wconf 91' lang='lat' dir='ltr'>ideo</span> 
     </span>
     <span class='ocr_line' id='line_1_4' title="bbox 278 490 2001 546; baseline -0.004 -9"><span class='ocrx_word' id='word_1_28' title='bbox 278 510 429 537; x_wconf 85' lang='lat' dir='ltr'>onmes</span> <span class='ocrx_word' id='word_1_29' title='bbox 451 495 496 536; x_wconf 93' lang='lat' dir='ltr'>in</span> <span class='ocrx_word' id='word_1_30' title='bbox 519 494 829 536; x_wconf 77' lang='lat' dir='ltr'>misericordia.</span> <span class='ocrx_word' id='word_1_31' title='bbox 892 494 952 534; x_wconf 90' lang='lat' dir='ltr'>Et</span> <span class='ocrx_word' id='word_1_32' title='bbox 975 492 1077 546; x_wconf 89' lang='lat' dir='ltr'>quia</span> <span class='ocrx_word' id='word_1_33' title='bbox 1099 492 1295 545; x_wconf 85' lang='lat' dir='ltr'>Rogerus</span> <span class='ocrx_word' id='word_1_34' title='bbox 1328 492 1380 533; x_wconf 93' lang='lat' dir='ltr'>de</span> <span class='ocrx_word' id='word_1_35' title='bbox 1411 491 1649 539; x_wconf 84' lang='lat' dir='ltr'>Bereford’,</span> <span class='ocrx_word' id='word_1_36' title='bbox 1672 490 1917 532; x_wconf 58' lang='lat' dir='ltr'>YVillelmus</span> <span class='ocrx_word' id='word_1_37' title='bbox 1950 490 2001 531; x_wconf 92' lang='lat' dir='ltr'>de</span> 
     </span>
     <span class='ocr_line' id='line_1_5' title="bbox 281 558 2002 617; baseline -0.005 -11"><span class='ocrx_word' id='word_1_38' title='bbox 281 564 491 614; x_wconf 69' lang='lat' dir='ltr'>Salond&#39;,¹</span> <span class='ocrx_word' id='word_1_39' title='bbox 513 564 709 617; x_wconf 85' lang='lat' dir='ltr'>Rogerus</span> <span class='ocrx_word' id='word_1_40' title='bbox 732 564 770 604; x_wconf 93' lang='lat' dir='ltr'>le</span> <span class='ocrx_word' id='word_1_41' title='bbox 793 563 1029 616; x_wconf 72' lang='lat' dir='ltr'>FranceyS,</span> <span class='ocrx_word' id='word_1_42' title='bbox 1053 561 1272 602; x_wconf 89' lang='lat' dir='ltr'>Henricus</span> <span class='ocrx_word' id='word_1_43' title='bbox 1296 560 1404 601; x_wconf 81' lang='lat' dir='ltr'>Tuk’</span> <span class='ocrx_word' id='word_1_44' title='bbox 1429 560 1481 601; x_wconf 84' lang='lat' dir='ltr'>de</span> <span class='ocrx_word' id='word_1_45' title='bbox 1503 559 1707 608; x_wconf 83' lang='lat' dir='ltr'>Bristok’,</span> <span class='ocrx_word' id='word_1_46' title='bbox 1732 559 1928 611; x_wconf 86' lang='lat' dir='ltr'>Rogerus</span> <span class='ocrx_word' id='word_1_47' title='bbox 1951 558 2002 599; x_wconf 92' lang='lat' dir='ltr'>de</span> 
     </span>
     <span class='ocr_line' id='line_1_6' title="bbox 277 627 2002 684; baseline -0.004 -9"><span class='ocrx_word' id='word_1_48' title='bbox 277 635 399 675; x_wconf 87' lang='lat' dir='ltr'>Lane</span> <span class='ocrx_word' id='word_1_49' title='bbox 423 634 474 675; x_wconf 90' lang='lat' dir='ltr'>de</span> <span class='ocrx_word' id='word_1_50' title='bbox 495 633 647 675; x_wconf 88' lang='lat' dir='ltr'>eadem</span> <span class='ocrx_word' id='word_1_51' title='bbox 681 633 859 673; x_wconf 88' lang='lat' dir='ltr'>fuerunt</span> <span class='ocrx_word' id='word_1_52' title='bbox 891 630 1021 684; x_wconf 86' lang='lat' dir='ltr'>plegii</span> <span class='ocrx_word' id='word_1_53' title='bbox 1052 629 1211 683; x_wconf 83' lang='lat' dir='ltr'>Rogeri</span> <span class='ocrx_word' id='word_1_54' title='bbox 1244 629 1446 682; x_wconf 89' lang='lat' dir='ltr'>Caperun</span> <span class='ocrx_word' id='word_1_55' title='bbox 1478 628 1697 669; x_wconf 72' lang='lat' dir='ltr'>forestarii</span> <span class='ocrx_word' id='word_1_56' title='bbox 1719 628 1770 669; x_wconf 91' lang='lat' dir='ltr'>de</span> <span class='ocrx_word' id='word_1_57' title='bbox 1791 627 2002 669; x_wconf 86' lang='lat' dir='ltr'>fidelitate</span> 
     </span>
     <span class='ocr_line' id='line_1_7' title="bbox 277 696 2003 751; baseline -0.005 -7"><span class='ocrx_word' id='word_1_58' title='bbox 277 706 357 744; x_wconf 86' lang='lat' dir='ltr'>ete.</span> <span class='ocrx_word' id='word_1_59' title='bbox 396 705 437 744; x_wconf 87' lang='lat' dir='ltr'>et</span> <span class='ocrx_word' id='word_1_60' title='bbox 471 702 599 743; x_wconf 89' lang='lat' dir='ltr'>modo</span> <span class='ocrx_word' id='word_1_61' title='bbox 641 703 707 743; x_wconf 90' lang='lat' dir='ltr'>est</span> <span class='ocrx_word' id='word_1_62' title='bbox 750 700 978 742; x_wconf 86' lang='lat' dir='ltr'>conuictus</span> <span class='ocrx_word' id='word_1_63' title='bbox 1017 699 1068 740; x_wconf 87' lang='lat' dir='ltr'>de</span> <span class='ocrx_word' id='word_1_64' title='bbox 1101 698 1451 751; x_wconf 83' lang='lat' dir='ltr'>transgressione</span> <span class='ocrx_word' id='word_1_65' title='bbox 1487 697 1738 738; x_wconf 85' lang='lat' dir='ltr'>venacionis</span> <span class='ocrx_word' id='word_1_66' title='bbox 1776 698 1872 745; x_wconf 89' lang='lat' dir='ltr'>etc.‚</span> <span class='ocrx_word' id='word_1_67' title='bbox 1907 696 2003 737; x_wconf 91' lang='lat' dir='ltr'>ideo</span> 
     </span>
     <span class='ocr_line' id='line_1_8' title="bbox 276 765 2001 819; baseline -0.005 -6"><span class='ocrx_word' id='word_1_68' title='bbox 276 785 428 813; x_wconf 90' lang='lat' dir='ltr'>omnes</span> <span class='ocrx_word' id='word_1_69' title='bbox 450 772 495 812; x_wconf 90' lang='lat' dir='ltr'>in</span> <span class='ocrx_word' id='word_1_70' title='bbox 517 770 828 812; x_wconf 76' lang='lat' dir='ltr'>misericordia.</span> <span class='ocrx_word' id='word_1_71' title='bbox 893 769 1049 810; x_wconf 79' lang='lat' dir='ltr'>Postea</span> <span class='ocrx_word' id='word_1_72' title='bbox 1073 768 1190 809; x_wconf 84' lang='lat' dir='ltr'>venit</span> <span class='ocrx_word' id='word_1_73' title='bbox 1212 767 1428 809; x_wconf 84' lang='lat' dir='ltr'>Radulfus</span> <span class='ocrx_word' id='word_1_74' title='bbox 1450 766 1639 808; x_wconf 77' lang='lat' dir='ltr'>vicarius</span> <span class='ocrx_word' id='word_1_75' title='bbox 1662 766 1713 807; x_wconf 89' lang='lat' dir='ltr'>de</span> <span class='ocrx_word' id='word_1_76' title='bbox 1746 765 2001 819; x_wconf 84' lang='lat' dir='ltr'>Geytinton’</span> 
     </span>
     <span class='ocr_line' id='line_1_9' title="bbox 277 833 2002 893; baseline -0.005 -10"><span class='ocrx_word' id='word_1_77' title='bbox 277 844 320 883; x_wconf 83' lang='lat' dir='ltr'>et</span> <span class='ocrx_word' id='word_1_78' title='bbox 371 843 585 882; x_wconf 88' lang='lat' dir='ltr'>testatum</span> <span class='ocrx_word' id='word_1_79' title='bbox 627 843 693 881; x_wconf 88' lang='lat' dir='ltr'>est</span> <span class='ocrx_word' id='word_1_80' title='bbox 744 853 820 893; x_wconf 84' lang='lat' dir='ltr'>per</span> <span class='ocrx_word' id='word_1_81' title='bbox 872 838 1102 879; x_wconf 75' lang='lat' dir='ltr'>virid-arios</span> <span class='ocrx_word' id='word_1_82' title='bbox 1155 837 1270 890; x_wconf 86' lang='lat' dir='ltr'>quod</span> <span class='ocrx_word' id='word_1_83' title='bbox 1322 836 1463 893; x_wconf 81' lang='lat' dir='ltr'>dictus</span> <span class='ocrx_word' id='word_1_84' title='bbox 1515 835 1788 877; x_wconf 82' lang='lat' dir='ltr'>Laurencius</span> <span class='ocrx_word' id='word_1_85' title='bbox 1840 833 2002 874; x_wconf 83' lang='lat' dir='ltr'>dictam</span> 
     </span>
     <span class='ocr_line' id='line_1_10' title="bbox 277 902 2004 963; baseline -0.005 -11"><span class='ocrx_word' id='word_1_86' title='bbox 277 911 574 960; x_wconf 81' lang='lat' dir='ltr'>venacionem,</span> <span class='ocrx_word' id='word_1_87' title='bbox 616 909 711 963; x_wconf 90' lang='lat' dir='ltr'>ipso</span> <span class='ocrx_word' id='word_1_88' title='bbox 752 908 942 950; x_wconf 83' lang='lat' dir='ltr'>Radulfo</span> <span class='ocrx_word' id='word_1_89' title='bbox 976 907 1207 956; x_wconf 83' lang='lat' dir='ltr'>nesciente,</span> <span class='ocrx_word' id='word_1_90' title='bbox 1251 906 1426 960; x_wconf 85' lang='lat' dir='ltr'>recepit.</span> <span class='ocrx_word' id='word_1_91' title='bbox 1494 906 1555 947; x_wconf 89' lang='lat' dir='ltr'>Et</span> <span class='ocrx_word' id='word_1_92' title='bbox 1597 905 1698 958; x_wconf 90' lang='lat' dir='ltr'>quia</span> <span class='ocrx_word' id='word_1_93' title='bbox 1740 917 1830 945; x_wconf 90' lang='lat' dir='ltr'>non</span> <span class='ocrx_word' id='word_1_94' title='bbox 1871 902 2004 944; x_wconf 88' lang='lat' dir='ltr'>habet</span> 
     </span>
     <span class='ocr_line' id='line_1_11' title="bbox 277 971 2003 1031; baseline -0.005 -10"><span class='ocrx_word' id='word_1_95' title='bbox 277 979 575 1021; x_wconf 86' lang='lat' dir='ltr'>Laurencium</span> <span class='ocrx_word' id='word_1_96' title='bbox 597 980 917 1031; x_wconf 86' lang='lat' dir='ltr'>manupastum</span> <span class='ocrx_word' id='word_1_97' title='bbox 941 991 1087 1026; x_wconf 89' lang='lat' dir='ltr'>suum,</span> <span class='ocrx_word' id='word_1_98' title='bbox 1112 976 1157 1016; x_wconf 93' lang='lat' dir='ltr'>in</span> <span class='ocrx_word' id='word_1_99' title='bbox 1190 975 1503 1017; x_wconf 84' lang='lat' dir='ltr'>misericordia.</span> <span class='ocrx_word' id='word_1_100' title='bbox 1565 975 1724 1017; x_wconf 78' lang='lat' dir='ltr'>Postea</span> <span class='ocrx_word' id='word_1_101' title='bbox 1746 973 1879 1013; x_wconf 90' lang='lat' dir='ltr'>finem</span> <span class='ocrx_word' id='word_1_102' title='bbox 1902 971 2003 1013; x_wconf 84' lang='lat' dir='ltr'>fecit</span> 
     </span>
     <span class='ocr_line' id='line_1_12' title="bbox 277 1041 2003 1102; baseline -0.005 -12"><span class='ocrx_word' id='word_1_103' title='bbox 277 1063 356 1102; x_wconf 86' lang='lat' dir='ltr'>pro</span> <span class='ocrx_word' id='word_1_104' title='bbox 399 1063 443 1090; x_wconf 89' lang='lat' dir='ltr'>se</span> <span class='ocrx_word' id='word_1_105' title='bbox 485 1057 527 1090; x_wconf 83' lang='lat' dir='ltr'>et</span> <span class='ocrx_word' id='word_1_106' title='bbox 568 1062 646 1102; x_wconf 87' lang='lat' dir='ltr'>pro</span> <span class='ocrx_word' id='word_1_107' title='bbox 689 1047 804 1088; x_wconf 89' lang='lat' dir='ltr'>dicto</span> <span class='ocrx_word' id='word_1_108' title='bbox 846 1046 1091 1087; x_wconf 85' lang='lat' dir='ltr'>Laurencio</span> <span class='ocrx_word' id='word_1_109' title='bbox 1133 1059 1209 1099; x_wconf 88' lang='lat' dir='ltr'>per</span> <span class='ocrx_word' id='word_1_110' title='bbox 1251 1059 1383 1086; x_wconf 75' lang='lat' dir='ltr'>vnam</span> <span class='ocrx_word' id='word_1_111' title='bbox 1426 1057 1623 1085; x_wconf 87' lang='lat' dir='ltr'>marcam</span> <span class='ocrx_word' id='word_1_112' title='bbox 1665 1057 1741 1097; x_wconf 90' lang='lat' dir='ltr'>per</span> <span class='ocrx_word' id='word_1_113' title='bbox 1778 1041 2003 1095; x_wconf 87' lang='lat' dir='ltr'>pleuinam</span> 
     </span>
     <span class='ocr_line' id='line_1_13' title="bbox 279 1113 1768 1172; baseline -0.005 -12"><span class='ocrx_word' id='word_1_114' title='bbox 279 1118 482 1172; x_wconf 78' lang='lat' dir='ltr'>Symonis</span> <span class='ocrx_word' id='word_1_115' title='bbox 505 1117 647 1159; x_wconf 90' lang='lat' dir='ltr'>clerici</span> <span class='ocrx_word' id='word_1_116' title='bbox 669 1117 720 1158; x_wconf 91' lang='lat' dir='ltr'>de</span> <span class='ocrx_word' id='word_1_117' title='bbox 743 1116 932 1158; x_wconf 88' lang='lat' dir='ltr'>Bouton’</span> <span class='ocrx_word' id='word_1_118' title='bbox 957 1118 998 1157; x_wconf 88' lang='lat' dir='ltr'>et</span> <span class='ocrx_word' id='word_1_119' title='bbox 1021 1115 1179 1168; x_wconf 85' lang='lat' dir='ltr'>Rogeri</span> <span class='ocrx_word' id='word_1_120' title='bbox 1200 1114 1278 1155; x_wconf 86' lang='lat' dir='ltr'>filii</span> <span class='ocrx_word' id='word_1_121' title='bbox 1301 1114 1506 1157; x_wconf 80' lang='lat' dir='ltr'>Willelmi</span> <span class='ocrx_word' id='word_1_122' title='bbox 1529 1114 1579 1155; x_wconf 94' lang='lat' dir='ltr'>de</span> <span class='ocrx_word' id='word_1_123' title='bbox 1602 1113 1768 1155; x_wconf 85' lang='lat' dir='ltr'>eadem.</span> 
     </span>
    </p>
   </div>
   <div class='ocr_carea' id='block_1_3' title="bbox 1064 1399 1222 1452">
    <p class='ocr_par' dir='ltr' id='par_1_3' title="bbox 1064 1399 1222 1452">
     <span class='ocr_line' id='line_1_14' title="bbox 1064 1399 1222 1452; baseline -0.019 -9"><span class='ocrx_word' id='word_1_124' title='bbox 1064 1401 1101 1443; x_wconf 78' lang='lat' dir='ltr'><strong>v</strong></span> <span class='ocrx_word' id='word_1_125' title='bbox 1126 1399 1222 1452; x_wconf 78' lang='lat' dir='ltr'>&lt;b&gt;.2</span> 
     </span>
    </p>
   </div>
   <div class='ocr_carea' id='block_1_4' title="bbox 277 1520 2007 1923">
    <p class='ocr_par' dir='ltr' id='par_1_4' title="bbox 277 1520 2007 1923">
     <span class='ocr_line' id='line_1_15' title="bbox 277 1520 2007 1577; baseline -0.008 0"><span class='ocrx_word' id='word_1_126' title='bbox 277 1533 526 1577; x_wconf 69' lang='lat' dir='ltr'>PLACITA</span> <span class='ocrx_word' id='word_1_127' title='bbox 547 1529 814 1574; x_wconf 77' lang='lat' dir='ltr'>FORESTE</span> <span class='ocrx_word' id='word_1_128' title='bbox 840 1529 900 1570; x_wconf 89' lang='lat' dir='ltr'>IN</span> <span class='ocrx_word' id='word_1_129' title='bbox 926 1524 1223 1570; x_wconf 76' lang='lat' dir='ltr'><strong>COMITATU</strong></span> <span class='ocrx_word' id='word_1_130' title='bbox 1247 1520 1586 1564; x_wconf 75' lang='lat' dir='ltr'>NORHAMPT&#39;</span> <span class='ocrx_word' id='word_1_131' title='bbox 1611 1520 1672 1561; x_wconf 89' lang='lat' dir='ltr'>IN</span> <span class='ocrx_word' id='word_1_132' title='bbox 1696 1521 2007 1565; x_wconf 73' lang='lat' dir='ltr'>CRASTINO³</span> 
     </span>
     <span class='ocr_line' id='line_1_16' title="bbox 369 1590 2007 1646; baseline -0.008 -1"><span class='ocrx_word' id='word_1_133' title='bbox 369 1602 577 1646; x_wconf 77' lang='lat' dir='ltr'>SANCTI</span> <span class='ocrx_word' id='word_1_134' title='bbox 609 1597 942 1642; x_wconf 83' lang='lat' dir='ltr'>MICHAELIS</span> <span class='ocrx_word' id='word_1_135' title='bbox 966 1594 1121 1637; x_wconf 75' lang='lat' dir='ltr'>ANNO</span> <span class='ocrx_word' id='word_1_136' title='bbox 1144 1592 1332 1635; x_wconf 78' lang='lat' dir='ltr'><strong>REGNI</strong></span> <span class='ocrx_word' id='word_1_137' title='bbox 1363 1590 1543 1632; x_wconf 80' lang='lat' dir='ltr'><strong>REGIS</strong></span> <span class='ocrx_word' id='word_1_138' title='bbox 1573 1590 1826 1632; x_wconf 76' lang='lat' dir='ltr'>HENRICI</span> <span class='ocrx_word' id='word_1_139' title='bbox 1857 1591 2007 1632; x_wconf 87' lang='lat' dir='ltr'><strong>FILII</strong></span> 
     </span>
     <span class='ocr_line' id='line_1_17' title="bbox 366 1659 2007 1717; baseline -0.009 -3"><span class='ocrx_word' id='word_1_140' title='bbox 366 1672 547 1715; x_wconf 80' lang='lat' dir='ltr'>REGIS</span> <span class='ocrx_word' id='word_1_141' title='bbox 612 1667 898 1712; x_wconf 82' lang='lat' dir='ltr'>IOHANNIS</span> <span class='ocrx_word' id='word_1_142' title='bbox 980 1660 1471 1717; x_wconf 78' lang='lat' dir='ltr'>QUINQUAGESIMO</span> <span class='ocrx_word' id='word_1_143' title='bbox 1548 1659 1735 1702; x_wconf 79' lang='lat' dir='ltr'>SEXTO</span> <span class='ocrx_word' id='word_1_144' title='bbox 1809 1659 2007 1701; x_wconf 74' lang='lat' dir='ltr'><strong>CORAM</strong></span> 
     </span>
     <span class='ocr_line' id='line_1_18' title="bbox 367 1728 2004 1785; baseline -0.01 0"><span class='ocrx_word' id='word_1_145' title='bbox 367 1741 607 1785; x_wconf 80' lang='lat' dir='ltr'>ROGERO</span> <span class='ocrx_word' id='word_1_146' title='bbox 670 1740 749 1781; x_wconf 87' lang='lat' dir='ltr'>DE</span> <span class='ocrx_word' id='word_1_147' title='bbox 827 1734 1122 1779; x_wconf 86' lang='lat' dir='ltr'><strong>CLIFFORD</strong></span> <span class='ocrx_word' id='word_1_148' title='bbox 1197 1730 1446 1773; x_wconf 80' lang='lat' dir='ltr'><strong>MATHEO</strong></span> <span class='ocrx_word' id='word_1_149' title='bbox 1523 1729 1602 1769; x_wconf 88' lang='lat' dir='ltr'>DE</span> <span class='ocrx_word' id='word_1_150' title='bbox 1671 1728 2004 1770; x_wconf 82' lang='lat' dir='ltr'>COLUMBAR’</span> 
     </span>
     <span class='ocr_line' id='line_1_19' title="bbox 365 1798 2003 1854; baseline -0.01 -1"><span class='ocrx_word' id='word_1_151' title='bbox 365 1809 665 1854; x_wconf 84' lang='lat' dir='ltr'>NICHOLAO</span> <span class='ocrx_word' id='word_1_152' title='bbox 732 1807 811 1848; x_wconf 87' lang='lat' dir='ltr'>DE</span> <span class='ocrx_word' id='word_1_153' title='bbox 882 1802 1095 1847; x_wconf 82' lang='lat' dir='ltr'>ROMES&#39;</span> <span class='ocrx_word' id='word_1_154' title='bbox 1156 1802 1232 1842; x_wconf 82' lang='lat' dir='ltr'>ET</span> <span class='ocrx_word' id='word_1_155' title='bbox 1297 1798 1644 1841; x_wconf 84' lang='lat' dir='ltr'><strong>REGINALDO</strong></span> <span class='ocrx_word' id='word_1_156' title='bbox 1703 1798 1782 1838; x_wconf 95' lang='lat' dir='ltr'>DE</span> <span class='ocrx_word' id='word_1_157' title='bbox 1846 1798 2003 1838; x_wconf 81' lang='lat' dir='ltr'><strong>AKLE</strong></span> 
     </span>
     <span class='ocr_line' id='line_1_20' title="bbox 365 1867 2006 1923; baseline -0.011 0"><span class='ocrx_word' id='word_1_158' title='bbox 365 1876 747 1923; x_wconf 77' lang='lat' dir='ltr'>IUSTICIARIIS</span> <span class='ocrx_word' id='word_1_159' title='bbox 813 1876 891 1916; x_wconf 89' lang='lat' dir='ltr'>AD</span> <span class='ocrx_word' id='word_1_160' title='bbox 958 1871 1172 1914; x_wconf 85' lang='lat' dir='ltr'><strong>EADEM</strong></span> <span class='ocrx_word' id='word_1_161' title='bbox 1240 1868 1490 1911; x_wconf 85' lang='lat' dir='ltr'>PLACITA</span> <span class='ocrx_word' id='word_1_162' title='bbox 1563 1867 1873 1909; x_wconf 79' lang='lat' dir='ltr'><strong>AUDIENDA</strong></span> <span class='ocrx_word' id='word_1_163' title='bbox 1930 1867 2006 1907; x_wconf 86' lang='lat' dir='ltr'>ET</span> 
     </span>
    </p>
   </div>
   <div class='ocr_carea' id='block_1_5' title="bbox 367 1941 1153 1991">
    <p class='ocr_par' dir='ltr' id='par_1_5' title="bbox 367 1941 1153 1991">
     <span class='ocr_line' id='line_1_21' title="bbox 367 1941 1153 1991; baseline -0.011 0"><span class='ocrx_word' id='word_1_164' title='bbox 367 1946 760 1991; x_wconf 81' lang='lat' dir='ltr'><strong>TERMINANDA</strong></span> <span class='ocrx_word' id='word_1_165' title='bbox 791 1941 1153 1987; x_wconf 83' lang='lat' dir='ltr'>ASSIGNATIS.</span> 
     </span>
    </p>
   </div>
   <div class='ocr_carea' id='block_1_6' title="bbox 666 2140 1622 2184">
    <p class='ocr_par' dir='ltr' id='par_1_6' title="bbox 666 2140 1622 2184">
     <span class='ocr_line' id='line_1_22' title="bbox 666 2140 1622 2184; baseline -0.012 0"><span class='ocrx_word' id='word_1_166' title='bbox 666 2148 854 2184; x_wconf 65' lang='lat' dir='ltr'>*Adhuc</span> <span class='ocrx_word' id='word_1_167' title='bbox 881 2147 937 2182; x_wconf 83' lang='lat' dir='ltr'>de</span> <span class='ocrx_word' id='word_1_168' title='bbox 961 2144 1212 2181; x_wconf 84' lang='lat' dir='ltr'>venacione</span> <span class='ocrx_word' id='word_1_169' title='bbox 1237 2142 1293 2177; x_wconf 87' lang='lat' dir='ltr'>de</span> <span class='ocrx_word' id='word_1_170' title='bbox 1318 2140 1622 2183; x_wconf 77' lang='lat' dir='ltr'>Rokingham.</span> 
     </span>
    </p>
   </div>
   <div class='ocr_carea' id='block_1_7' title="bbox 281 2221 2012 3103">
    <p class='ocr_par' dir='ltr' id='par_1_7' title="bbox 281 2221 2012 2978">
     <span class='ocr_line' id='line_1_23' title="bbox 369 2221 2008 2282; baseline -0.009 -6"><span class='ocrx_word' id='word_1_171' title='bbox 369 2235 678 2276; x_wconf 87' lang='lat' dir='ltr'>Presentatum</span> <span class='ocrx_word' id='word_1_172' title='bbox 701 2233 766 2273; x_wconf 88' lang='lat' dir='ltr'>est</span> <span class='ocrx_word' id='word_1_173' title='bbox 789 2232 871 2271; x_wconf 87' lang='lat' dir='ltr'>etc.</span> <span class='ocrx_word' id='word_1_174' title='bbox 895 2227 1009 2282; x_wconf 89' lang='lat' dir='ltr'>quod</span> <span class='ocrx_word' id='word_1_175' title='bbox 1045 2226 1197 2269; x_wconf 82' lang='lat' dir='ltr'>Simon</span> <span class='ocrx_word' id='word_1_176' title='bbox 1228 2224 1345 2266; x_wconf 84' lang='lat' dir='ltr'>filius</span> <span class='ocrx_word' id='word_1_177' title='bbox 1366 2221 1573 2266; x_wconf 84' lang='lat' dir='ltr'>Willelmi</span> <span class='ocrx_word' id='word_1_178' title='bbox 1596 2221 1771 2271; x_wconf 86' lang='lat' dir='ltr'>Tuluse‚</span> <span class='ocrx_word' id='word_1_179' title='bbox 1794 2221 2008 2263; x_wconf 86' lang='lat' dir='ltr'>Ricardus</span> 
     </span>
     <span class='ocr_line' id='line_1_24' title="bbox 282 2289 2007 2357; baseline -0.009 -12"><span class='ocrx_word' id='word_1_180' title='bbox 282 2304 334 2346; x_wconf 86' lang='lat' dir='ltr'>de</span> <span class='ocrx_word' id='word_1_181' title='bbox 375 2304 549 2357; x_wconf 80' lang='lat' dir='ltr'>Ewyas,</span> <span class='ocrx_word' id='word_1_182' title='bbox 593 2300 739 2355; x_wconf 84' lang='lat' dir='ltr'>garcio</span> <span class='ocrx_word' id='word_1_183' title='bbox 781 2295 988 2342; x_wconf 84' lang='lat' dir='ltr'>Willelmi</span> <span class='ocrx_word' id='word_1_184' title='bbox 1029 2295 1205 2345; x_wconf 83' lang='lat' dir='ltr'>Tuluse,</span> <span class='ocrx_word' id='word_1_185' title='bbox 1252 2292 1493 2335; x_wconf 85' lang='lat' dir='ltr'>Willelmus</span> <span class='ocrx_word' id='word_1_186' title='bbox 1537 2291 1589 2332; x_wconf 89' lang='lat' dir='ltr'>de</span> <span class='ocrx_word' id='word_1_187' title='bbox 1630 2290 1823 2332; x_wconf 84' lang='lat' dir='ltr'>Wotton’</span> <span class='ocrx_word' id='word_1_188' title='bbox 1872 2289 2007 2340; x_wconf 86' lang='lat' dir='ltr'>(alibi)</span> 
     </span>
     <span class='ocr_line' id='line_1_25' title="bbox 281 2358 2008 2424; baseline -0.01 -9"><span class='ocrx_word' id='word_1_189' title='bbox 281 2373 498 2415; x_wconf 87' lang='lat' dir='ltr'>Radulfus</span> <span class='ocrx_word' id='word_1_190' title='bbox 521 2372 572 2413; x_wconf 91' lang='lat' dir='ltr'>de</span> <span class='ocrx_word' id='word_1_191' title='bbox 594 2369 825 2424; x_wconf 82' lang='lat' dir='ltr'>Drayton&#39;,</span> <span class='ocrx_word' id='word_1_192' title='bbox 856 2366 1108 2420; x_wconf 81' lang='lat' dir='ltr'>capellanus</span> <span class='ocrx_word' id='word_1_193' title='bbox 1135 2363 1253 2418; x_wconf 90' lang='lat' dir='ltr'>apud</span> <span class='ocrx_word' id='word_1_194' title='bbox 1274 2361 1482 2410; x_wconf 85' lang='lat' dir='ltr'>Wotton’,</span> <span class='ocrx_word' id='word_1_195' title='bbox 1507 2359 1658 2403; x_wconf 81' lang='lat' dir='ltr'>Simon</span> <span class='ocrx_word' id='word_1_196' title='bbox 1682 2358 1733 2400; x_wconf 92' lang='lat' dir='ltr'>de</span> <span class='ocrx_word' id='word_1_197' title='bbox 1756 2358 2008 2412; x_wconf 86' lang='lat' dir='ltr'>HamsIepe,</span> 
     </span>
     <span class='ocr_line' id='line_1_26' title="bbox 282 2426 2008 2495; baseline -0.01 -11"><span class='ocrx_word' id='word_1_198' title='bbox 282 2441 427 2495; x_wconf 80' lang='lat' dir='ltr'>garcio</span> <span class='ocrx_word' id='word_1_199' title='bbox 469 2439 653 2495; x_wconf 82' lang='lat' dir='ltr'>predicti</span> <span class='ocrx_word' id='word_1_200' title='bbox 690 2437 895 2486; x_wconf 82' lang='lat' dir='ltr'>Simonis,</span> <span class='ocrx_word' id='word_1_201' title='bbox 934 2435 1102 2476; x_wconf 87' lang='lat' dir='ltr'>Alanus</span> <span class='ocrx_word' id='word_1_202' title='bbox 1139 2431 1257 2473; x_wconf 90' lang='lat' dir='ltr'>filius</span> <span class='ocrx_word' id='word_1_203' title='bbox 1295 2429 1500 2483; x_wconf 84' lang='lat' dir='ltr'>Hugonis</span> <span class='ocrx_word' id='word_1_204' title='bbox 1542 2428 1594 2470; x_wconf 93' lang='lat' dir='ltr'>de</span> <span class='ocrx_word' id='word_1_205' title='bbox 1627 2427 1835 2481; x_wconf 79' lang='lat' dir='ltr'>Lofwyk’‚</span> <span class='ocrx_word' id='word_1_206' title='bbox 1869 2426 2008 2468; x_wconf 83' lang='lat' dir='ltr'>wode-</span> 
     </span>
     <span class='ocr_line' id='line_1_27' title="bbox 283 2495 2010 2553; baseline -0.01 0"><span class='ocrx_word' id='word_1_207' title='bbox 283 2510 456 2553; x_wconf 84' lang='lat' dir='ltr'>Wardus</span> <span class='ocrx_word' id='word_1_208' title='bbox 477 2508 658 2551; x_wconf 83' lang='lat' dir='ltr'>Roberti</span> <span class='ocrx_word' id='word_1_209' title='bbox 691 2507 742 2549; x_wconf 89' lang='lat' dir='ltr'>de</span> <span class='ocrx_word' id='word_1_210' title='bbox 765 2507 940 2548; x_wconf 84' lang='lat' dir='ltr'>Nowers</span> <span class='ocrx_word' id='word_1_211' title='bbox 973 2504 1024 2544; x_wconf 92' lang='lat' dir='ltr'>de</span> <span class='ocrx_word' id='word_1_212' title='bbox 1056 2503 1185 2544; x_wconf 89' lang='lat' dir='ltr'>bosco</span> <span class='ocrx_word' id='word_1_213' title='bbox 1216 2514 1294 2542; x_wconf 91' lang='lat' dir='ltr'>suo</span> <span class='ocrx_word' id='word_1_214' title='bbox 1329 2500 1380 2540; x_wconf 91' lang='lat' dir='ltr'>de</span> <span class='ocrx_word' id='word_1_215' title='bbox 1403 2499 1557 2547; x_wconf 74' lang='lat' dir='ltr'>Bulax‚</span> <span class='ocrx_word' id='word_1_216' title='bbox 1582 2497 1803 2539; x_wconf 87' lang='lat' dir='ltr'>Iohannes</span> <span class='ocrx_word' id='word_1_217' title='bbox 1826 2495 2010 2537; x_wconf 88' lang='lat' dir='ltr'>Messias</span> 
     </span>
     <span class='ocr_line' id='line_1_28' title="bbox 283 2565 2009 2633; baseline -0.009 -12"><span class='ocrx_word' id='word_1_218' title='bbox 283 2580 336 2621; x_wconf 88' lang='lat' dir='ltr'>de</span> <span class='ocrx_word' id='word_1_219' title='bbox 353 2578 563 2633; x_wconf 76' lang='lat' dir='ltr'>Lofwyk’,</span> <span class='ocrx_word' id='word_1_220' title='bbox 582 2578 801 2619; x_wconf 81' lang='lat' dir='ltr'>Robertus</span> <span class='ocrx_word' id='word_1_221' title='bbox 817 2576 941 2616; x_wconf 86' lang='lat' dir='ltr'>Pette</span> <span class='ocrx_word' id='word_1_222' title='bbox 956 2573 1008 2614; x_wconf 91' lang='lat' dir='ltr'>de</span> <span class='ocrx_word' id='word_1_223' title='bbox 1025 2571 1234 2624; x_wconf 72' lang='lat' dir='ltr'>Loswyk’‚</span> <span class='ocrx_word' id='word_1_224' title='bbox 1250 2569 1467 2610; x_wconf 81' lang='lat' dir='ltr'>Radulfus</span> <span class='ocrx_word' id='word_1_225' title='bbox 1480 2566 1761 2620; x_wconf 75' lang='lat' dir='ltr'>Vuelhering’</span> <span class='ocrx_word' id='word_1_226' title='bbox 1778 2566 1830 2607; x_wconf 89' lang='lat' dir='ltr'>de</span> <span class='ocrx_word' id='word_1_227' title='bbox 1844 2565 2009 2615; x_wconf 89' lang='lat' dir='ltr'>eadem,</span> 
     </span>
     <span class='ocr_line' id='line_1_29' title="bbox 284 2635 2009 2694; baseline -0.01 -3"><span class='ocrx_word' id='word_1_228' title='bbox 284 2649 503 2690; x_wconf 81' lang='lat' dir='ltr'>Bobertus</span> <span class='ocrx_word' id='word_1_229' title='bbox 521 2648 573 2689; x_wconf 92' lang='grc'>(16</span> <span class='ocrx_word' id='word_1_230' title='bbox 591 2645 807 2694; x_wconf 82' lang='lat' dir='ltr'>Grafton’,</span> <span class='ocrx_word' id='word_1_231' title='bbox 823 2642 1043 2685; x_wconf 86' lang='lat' dir='ltr'>Henricus</span> <span class='ocrx_word' id='word_1_232' title='bbox 1062 2641 1114 2681; x_wconf 87' lang='lat' dir='ltr'>de</span> <span class='ocrx_word' id='word_1_233' title='bbox 1136 2639 1363 2693; x_wconf 59' lang='lat' dir='ltr'>Drayton&#39;‚</span> <span class='ocrx_word' id='word_1_234' title='bbox 1379 2640 1421 2679; x_wconf 83' lang='lat' dir='ltr'>et</span> <span class='ocrx_word' id='word_1_235' title='bbox 1444 2636 1518 2679; x_wconf 87' lang='lat' dir='ltr'>alii</span> <span class='ocrx_word' id='word_1_236' title='bbox 1541 2637 1592 2678; x_wconf 87' lang='lat' dir='ltr'>de</span> <span class='ocrx_word' id='word_1_237' title='bbox 1615 2635 1820 2677; x_wconf 87' lang='lat' dir='ltr'>societate</span> <span class='ocrx_word' id='word_1_238' title='bbox 1843 2647 2009 2683; x_wconf 87' lang='lat' dir='ltr'>eorum,</span> 
     </span>
     <span class='ocr_line' id='line_1_30' title="bbox 286 2703 2011 2770; baseline -0.009 -11"><span class='ocrx_word' id='word_1_239' title='bbox 286 2718 338 2759; x_wconf 87' lang='lat' dir='ltr'>de</span> <span class='ocrx_word' id='word_1_240' title='bbox 364 2730 551 2770; x_wconf 81' lang='lat' dir='ltr'>quorum</span> <span class='ocrx_word' id='word_1_241' title='bbox 583 2714 837 2756; x_wconf 87' lang='lat' dir='ltr'>nominibus</span> <span class='ocrx_word' id='word_1_242' title='bbox 871 2709 1198 2764; x_wconf 86' lang='lat' dir='ltr'>inquirendum,</span> <span class='ocrx_word' id='word_1_243' title='bbox 1224 2708 1504 2748; x_wconf 87' lang='lat' dir='ltr'>intrauerunt</span> <span class='ocrx_word' id='word_1_244' title='bbox 1538 2706 1744 2747; x_wconf 85' lang='lat' dir='ltr'>forestam</span> <span class='ocrx_word' id='word_1_245' title='bbox 1769 2703 2011 2757; x_wconf 84' lang='lat' dir='ltr'>predictam</span> 
     </span>
     <span class='ocr_line' id='line_1_31' title="bbox 287 2773 2011 2828; baseline -0.009 0"><span class='ocrx_word' id='word_1_246' title='bbox 287 2786 378 2827; x_wconf 75' lang='lat' dir='ltr'>die⁵</span> <span class='ocrx_word' id='word_1_247' title='bbox 393 2784 599 2826; x_wconf 86' lang='lat' dir='ltr'>Mercurii</span> <span class='ocrx_word' id='word_1_248' title='bbox 612 2784 658 2824; x_wconf 89' lang='lat' dir='ltr'>in</span> <span class='ocrx_word' id='word_1_249' title='bbox 674 2784 783 2824; x_wconf 83' lang='lat' dir='ltr'>festo</span> <span class='ocrx_word' id='word_1_250' title='bbox 798 2780 939 2823; x_wconf 89' lang='lat' dir='ltr'>sancti</span> <span class='ocrx_word' id='word_1_251' title='bbox 954 2776 1254 2820; x_wconf 85' lang='lat' dir='ltr'>Bartholomei</span> <span class='ocrx_word' id='word_1_252' title='bbox 1269 2789 1386 2817; x_wconf 88' lang='lat' dir='ltr'>anno</span> <span class='ocrx_word' id='word_1_253' title='bbox 1401 2773 1761 2828; x_wconf 86' lang='lat' dir='ltr'>quinquagesimo</span> <span class='ocrx_word' id='word_1_254' title='bbox 1776 2774 1894 2814; x_wconf 77' lang='lat' dir='ltr'>sexto</span> <span class='ocrx_word' id='word_1_255' title='bbox 1912 2785 2011 2813; x_wconf 89' lang='lat' dir='ltr'>cum</span> 
     </span>
     <span class='ocr_line' id='line_1_32' title="bbox 289 2842 2012 2906; baseline -0.01 -9"><span class='ocrx_word' id='word_1_256' title='bbox 289 2855 476 2897; x_wconf 86' lang='lat' dir='ltr'>arcubus</span> <span class='ocrx_word' id='word_1_257' title='bbox 509 2856 551 2895; x_wconf 91' lang='lat' dir='ltr'>et</span> <span class='ocrx_word' id='word_1_258' title='bbox 583 2851 770 2906; x_wconf 82' lang='lat' dir='ltr'>sagittis,</span> <span class='ocrx_word' id='word_1_259' title='bbox 795 2853 837 2892; x_wconf 92' lang='lat' dir='ltr'>et</span> <span class='ocrx_word' id='word_1_260' title='bbox 860 2849 1038 2890; x_wconf 79' lang='lat' dir='ltr'>fuerunt</span> <span class='ocrx_word' id='word_1_261' title='bbox 1071 2847 1298 2887; x_wconf 87' lang='lat' dir='ltr'>bersantes</span> <span class='ocrx_word' id='word_1_262' title='bbox 1332 2845 1378 2885; x_wconf 91' lang='lat' dir='ltr'>in</span> <span class='ocrx_word' id='word_1_263' title='bbox 1411 2843 1563 2885; x_wconf 86' lang='lat' dir='ltr'>eadem</span> <span class='ocrx_word' id='word_1_264' title='bbox 1586 2843 1748 2883; x_wconf 86' lang='lat' dir='ltr'>foresta</span> <span class='ocrx_word' id='word_1_265' title='bbox 1769 2855 1846 2895; x_wconf 89' lang='lat' dir='ltr'>per</span> <span class='ocrx_word' id='word_1_266' title='bbox 1868 2842 2012 2882; x_wconf 88' lang='lat' dir='ltr'>totum</span> 
     </span>
     <span class='ocr_line' id='line_1_33' title="bbox 287 2908 2012 2978; baseline -0.01 -11"><span class='ocrx_word' id='word_1_267' title='bbox 287 2924 402 2966; x_wconf 84' lang='lat' dir='ltr'>diem</span> <span class='ocrx_word' id='word_1_268' title='bbox 424 2923 683 2978; x_wconf 88' lang='lat' dir='ltr'>predictum,</span> <span class='ocrx_word' id='word_1_269' title='bbox 707 2923 748 2962; x_wconf 91' lang='lat' dir='ltr'>et</span> <span class='ocrx_word' id='word_1_270' title='bbox 778 2918 1029 2961; x_wconf 85' lang='lat' dir='ltr'>occiderunt</span> <span class='ocrx_word' id='word_1_271' title='bbox 1057 2917 1146 2957; x_wconf 83' lang='lat' dir='ltr'>tres</span> <span class='ocrx_word' id='word_1_272' title='bbox 1179 2915 1293 2956; x_wconf 83' lang='lat' dir='ltr'>feras</span> <span class='ocrx_word' id='word_1_273' title='bbox 1327 2912 1421 2954; x_wconf 86' lang='lat' dir='ltr'>sine</span> <span class='ocrx_word' id='word_1_274' title='bbox 1454 2913 1659 2960; x_wconf 73' lang='lat' dir='ltr'>warento,</span> <span class='ocrx_word' id='word_1_275' title='bbox 1683 2912 1726 2952; x_wconf 88' lang='lat' dir='ltr'>et</span> <span class='ocrx_word' id='word_1_276' title='bbox 1756 2908 2012 2952; x_wconf 88' lang='lat' dir='ltr'>abciderunt</span> 
     </span>
    </p>

    <p class='ocr_par' dir='ltr' id='par_1_8' title="bbox 683 3014 1643 3103">
     <span class='ocr_line' id='line_1_34' title="bbox 683 3014 1632 3059; baseline -0.011 -4"><span class='ocrx_word' id='word_1_277' title='bbox 683 3026 689 3043; x_wconf 86' lang='lat'>¹</span> <span class='ocrx_word' id='word_1_278' title='bbox 717 3024 789 3055; x_wconf 89' lang='lat' dir='ltr'>The</span> <span class='ocrx_word' id='word_1_279' title='bbox 814 3026 888 3054; x_wconf 87' lang='lat' dir='ltr'>true</span> <span class='ocrx_word' id='word_1_280' title='bbox 905 3020 1045 3059; x_wconf 85' lang='lat' dir='ltr'>reading</span> <span class='ocrx_word' id='word_1_281' title='bbox 1062 3019 1096 3050; x_wconf 83' lang='lat' dir='ltr'>of</span> <span class='ocrx_word' id='word_1_282' title='bbox 1113 3018 1183 3049; x_wconf 82' lang='lat' dir='ltr'>this</span> <span class='ocrx_word' id='word_1_283' title='bbox 1203 3027 1303 3048; x_wconf 83' lang='lat' dir='ltr'>name</span> <span class='ocrx_word' id='word_1_284' title='bbox 1321 3017 1349 3047; x_wconf 87' lang='lat' dir='ltr'>is</span> <span class='ocrx_word' id='word_1_285' title='bbox 1367 3027 1446 3056; x_wconf 73' lang='lat' dir='ltr'>very</span> <span class='ocrx_word' id='word_1_286' title='bbox 1464 3014 1632 3047; x_wconf 79' lang='lat' dir='ltr'>doubtful.</span> 
     </span>
     <span class='ocr_line' id='line_1_35' title="bbox 685 3060 1643 3103; baseline -0.01 -4"><span class='ocrx_word' id='word_1_287' title='bbox 685 3070 696 3087; x_wconf 74' lang='lat'><strong>²</strong></span> <span class='ocrx_word' id='word_1_288' title='bbox 719 3069 837 3098; x_wconf 69' lang='lat' dir='ltr'>Forcst</span> <span class='ocrx_word' id='word_1_289' title='bbox 855 3064 1087 3103; x_wconf 63' lang='lat' dir='ltr'>Proceedznqs,</span> <span class='ocrx_word' id='word_1_290' title='bbox 1109 3063 1280 3102; x_wconf 69' lang='grc' dir='ltr'><em>Τνεαδῑινῃ</em></span> <span class='ocrx_word' id='word_1_291' title='bbox 1295 3062 1332 3102; x_wconf 80' lang='lat' dir='ltr'>os</span> <span class='ocrx_word' id='word_1_292' title='bbox 1347 3061 1494 3101; x_wconf 66' lang='lat' dir='ltr'>Rcceth,</span> <span class='ocrx_word' id='word_1_293' title='bbox 1513 3060 1573 3090; x_wconf 79' lang='lat' dir='ltr'>No.</span> <span class='ocrx_word' id='word_1_294' title='bbox 1592 3061 1643 3090; x_wconf 78' lang='lat'>72.</span> 
     </span>
    </p>
   </div>
   <div class='ocr_carea' id='block_1_8' title="bbox 684 3108 1656 3187">
    <p class='ocr_par' dir='ltr' id='par_1_9' title="bbox 684 3108 1656 3187">
     <span class='ocr_line' id='line_1_36' title="bbox 684 3108 1089 3150; baseline -0.012 -8"><span class='ocrx_word' id='word_1_295' title='bbox 684 3114 695 3130; x_wconf 83' lang='lat'><strong>³</strong></span> <span class='ocrx_word' id='word_1_296' title='bbox 719 3113 762 3142; x_wconf 83' lang='lat'>30</span> <span class='ocrx_word' id='word_1_297' title='bbox 780 3110 977 3150; x_wconf 79' lang='lat' dir='ltr'>September</span> <span class='ocrx_word' id='word_1_298' title='bbox 995 3108 1089 3139; x_wconf 74' lang='lat'>1272.</span> 
     </span>
     <span class='ocr_line' id='line_1_37' title="bbox 685 3147 1656 3187; baseline -0.01 0"><span class='ocrx_word' id='word_1_299' title='bbox 685 3158 693 3173; x_wconf 43' lang='lat'>*¹</span> <span class='ocrx_word' id='word_1_300' title='bbox 718 3155 794 3187; x_wconf 58' lang='lat' dir='ltr'>lion</span> <span class='ocrx_word' id='word_1_301' title='bbox 813 3157 831 3186; x_wconf 70' lang='lat' dir='ltr'>b*</span> <span class='ocrx_word' id='word_1_302' title='bbox 849 3155 884 3185; x_wconf 87' lang='lat' dir='ltr'>in</span> <span class='ocrx_word' id='word_1_303' title='bbox 903 3153 1012 3184; x_wconf 71' lang='lat' dir='ltr'>dorso.</span> <span class='ocrx_word' id='word_1_304' title='bbox 1316 3150 1326 3167; x_wconf 79' lang='lat'>⁵</span> <span class='ocrx_word' id='word_1_305' title='bbox 1351 3149 1392 3179; x_wconf 79' lang='lat'>24</span> <span class='ocrx_word' id='word_1_306' title='bbox 1409 3148 1542 3187; x_wconf 79' lang='lat' dir='ltr'>August</span> <span class='ocrx_word' id='word_1_307' title='bbox 1561 3147 1656 3178; x_wconf 80' lang='lat'>1272.</span> 
     </span>
    </p>
   </div>
  </div>
 </body>
</html>
