2421 3529
417 235 598 283 CXXXVl
897 239 1596 277 INTRODL’CTION—APPENDIX
1632 238 1662 272 1.

497 361 533 397 5.
562 357 838 408 Reguardores
860 356 985 394 nostri
1014 357 1108 393 eant
1137 366 1207 402 per
1234 353 1402 390 forestas
1431 352 1483 391 ad
1510 351 1741 391 faciendum
1771 349 2012 398 reguardum
2041 350 2144 388 sicut

416 421 504 459 fieri
523 420 731 459 consueuit
752 422 928 467 tempore
948 417 1074 466 prime
1094 415 1368 454 coronacionis
1396 414 1563 464 predicti
1591 414 1694 463 regis
1714 411 1879 451 Henrici
1908 411 1974 450 aui
2003 411 2144 456 nostri,

418 484 457 519 et
476 494 557 520 non
578 480 706 518 aliter.

500 545 534 581 6.
564 539 794 590 Inquisicio,
815 539 879 577 uel
908 538 1016 576 uisus
1046 537 1093 575 de
1123 535 1421 585 expeditacione
1450 548 1598 573 canum
1618 533 1882 574 existencium
1910 533 1953 571 in
1983 533 2145 578 foresta,

418 603 598 640 decetero
618 601 689 638 fiat
709 599 868 649 quando
888 597 1004 636 debet
1029 597 1115 635 fieri
1135 597 1390 645 reguardum,
1411 595 1561 633 scilicet
1581 596 1628 634 de
1648 595 1769 633 tercio
1790 606 1896 632 anno
1916 593 1958 631 in
1977 594 2147 631 tercium

419 675 599 707 annum;
631 665 670 699 et
689 664 785 698 tunc
814 660 885 697 fiat
913 672 983 708 per
1012 659 1144 696 uisum
1164 661 1203 696 et
1231 656 1509 695 testimonium
1538 657 1729 706 legalium
1749 655 1962 694 hominum
1993 657 2033 693 et
2065 667 2147 693 non

418 724 546 761 aliter.
603 723 658 760 Et
686 722 766 768 ille,
796 721 907 759 cuius
937 719 1047 758 canis
1078 720 1267 756 inuentus
1301 717 1422 756 fuerit
1455 721 1551 756 tunc
1584 731 1666 756 non
1700 715 1962 765 expeditatus,
1984 715 2049 753 det
2077 728 2147 764 pro

418 783 690 822 misericordia
710 786 789 820 tres
810 781 954 820 solidos
974 794 982 825 ;
1013 783 1052 818 et
1072 780 1119 817 de
1140 782 1271 817 cetero
1291 779 1426 816 nullus
1446 777 1515 817 bos
1536 779 1718 828 capiatur
1746 790 1817 827 pro
1837 776 2148 825 expeditacione.

419 845 529 882 Talis
577 847 713 882 autem
751 843 802 881 sit
849 841 1094 891 expeditacio
1140 853 1210 889 per
1255 839 1422 878 assisam
1459 839 1727 878 communiter
1765 838 1871 887 quod
1908 839 1988 875 tres
2026 836 2149 874 ortilli

418 905 677 943 abscidantur
696 904 780 942 sine
800 904 933 953 pelota
954 903 1000 940 de
1020 902 1118 951 pede
1139 900 1329 939 anteriori
1346 914 1353 945 ;
1384 913 1458 938 nec
1479 900 1760 950 expeditentur
1784 911 1900 937 canes
1929 897 1977 935 de
2006 900 2148 943 cetero,

420 966 497 1004 nisi
517 966 559 1003 in
578 965 675 1004 locis
696 965 764 1003 ubi
793 966 1089 1003 consueuerunt
1119 961 1338 1012 expeditari
1369 965 1548 1011 tempore
1581 962 1710 1011 prime
1741 958 2014 1000 coronacionis
2045 958 2148 1008 regis

422 1026 589 1065 Henrici
609 1026 675 1064 aui
695 1025 834 1063 nostri.

502 1090 538 1127 7.
568 1087 712 1125 Nullus
744 1085 975 1124 forestarius
1005 1084 1069 1122 uel
1097 1083 1276 1122 bedellus
1310 1083 1357 1122 de
1386 1087 1516 1122 cetero
1545 1083 1666 1121 faciat
1697 1083 1857 1130 scotale,
1889 1082 1954 1120 uel
1987 1081 2149 1130 colligat

421 1147 577 1197 garbas,
599 1147 663 1185 uel
683 1159 867 1193 auenam,
888 1146 953 1184 uel
973 1145 1137 1184 bladum
1159 1145 1279 1191 aliud,
1301 1145 1365 1182 uel
1395 1157 1530 1193 agnos,
1552 1144 1616 1182 uel
1645 1144 1850 1192 porcellos,
1871 1156 1944 1181 nec
1973 1142 2150 1191 aliquam

390 1235 393 1236 ν
421 1209 630 1247 collectam
661 1208 839 1253 faciant;
883 1210 922 1245 et
952 1219 1021 1256 per
1052 1205 1184 1243 uisum
1219 1208 1258 1244 et
1295 1208 1592 1243 sacramentum
1627 1205 1834 1243 duodecim
1863 1203 2151 1254 reguardorum

423 1270 582 1319 quando
603 1269 750 1307 facient
770 1269 1022 1318 reguardum,
1043 1270 1103 1306 tot
1123 1266 1322 1305 forestarii
1351 1269 1555 1316 ponantur
1583 1267 1632 1304 ad
1662 1266 1830 1305 forestas
1859 1265 2150 1310 custodiendas,

423 1330 529 1380 quod
549 1331 599 1368 ad
618 1330 706 1368 illas
727 1329 1007 1368 custodiendas
1028 1327 1326 1366 racionabiliter
1346 1327 1520 1365 uiderint
1541 1327 1734 1365 sufficere.

503 1394 539 1429 8.
569 1391 736 1429 Nullum
763 1391 1037 1429 suanimotum
1067 1390 1114 1427 de
1143 1391 1273 1427 cetero
1295 1391 1479 1427 teneatur
1512 1388 1555 1426 in
1584 1401 1707 1438 regno
1736 1390 1872 1426 nostro
1907 1387 1983 1426 nisi
2017 1390 2077 1426 ter
2109 1388 2151 1425 in

424 1466 530 1491 anno
550 1465 557 1497 ;
588 1452 774 1490 uidelicet
794 1451 836 1488 in
856 1450 1052 1500 principio
1073 1449 1301 1499 quindecim
1322 1449 1477 1487 dierum
1499 1451 1592 1487 ante
1612 1449 1758 1487 festum
1780 1449 1910 1487 sancti
1930 1448 2153 1493 Michaelis,

424 1514 584 1563 quando
605 1513 839 1562 agistatores
859 1511 1108 1550 conueniunt
1128 1511 1178 1548 ad
1207 1510 1462 1560 agistandum
1483 1511 1704 1549 dominicos
1733 1510 1870 1549 boscos
1899 1512 2081 1555 nostros;
2113 1512 2153 1548 et

424 1574 529 1611 circa
575 1573 720 1611 festum
755 1572 883 1610 sancti
921 1571 1088 1610 Martini
1135 1571 1295 1620 quando
1343 1571 1578 1620 agistatores
1625 1571 1753 1610 nostri
1798 1570 1943 1609 debent
1980 1571 2153 1620 recipere

425 1634 673 1684 pannagium
711 1637 920 1679 nostrum;
969 1636 1008 1671 et
1047 1632 1097 1671 ad
1142 1632 1219 1670 ista
1265 1632 1343 1670 duo
1391 1632 1620 1671 suanimota
1659 1632 1903 1671 conueniant
1941 1631 2152 1677 forestarii,

425 1694 617 1740 uiridarii‚
638 1698 676 1732 et
697 1694 932 1743 agistatores
954 1696 991 1731 et
1012 1693 1147 1730 nullus
1177 1692 1278 1730 alius
1309 1705 1379 1741 per
1410 1692 1730 1738 districcionem;
1762 1695 1800 1731 et
1829 1692 1998 1731 tercium
2019 1692 2152 1730 suani-

425 1759 582 1793 motum
611 1758 795 1793 teneatur
823 1755 864 1792 in
898 1754 1018 1792 inicio
1049 1753 1275 1802 quindecim
1305 1752 1459 1790 dierum
1488 1757 1582 1791 ante
1615 1753 1763 1791 festum
1797 1753 1925 1792 sancti
1959 1753 2154 1791 Iohannis

425 1816 619 1865 Baptista
658 1828 727 1864 pro
765 1814 996 1853 feonacione
1033 1814 1254 1852 bestiarum
1287 1816 1542 1859 nostrarum3
1587 1816 1626 1852 et
1661 1815 1709 1851 ad
1739 1814 1847 1852 istud
1880 1813 2154 1852 suanimotum

424 1877 643 1915 tenendum
664 1875 908 1914 conueniant
936 1874 1133 1912 forestarii
1163 1876 1201 1911 et
1231 1872 1412 1911 uiridarii
1446 1878 1484 1912 et
1518 1874 1619 1911 nulli
1653 1874 1721 1912 alii
1751 1887 1820 1923 per
1849 1874 2156 1913 districcionem.

425 1937 482 1975 Et
519 1941 698 1986 preterea
736 1936 903 1986 singulis
941 1935 1208 1985 quadraginta
1254 1935 1391 1973 diebus
1438 1948 1507 1984 per
1553 1938 1685 1973 totum
1719 1948 1872 1973 annum
1910 1935 2155 1973 conueniant

425 1999 604 2037 uiridarii
625 2002 663 2036 et
684 1997 882 2036 forestarii
911 1997 961 2035 ad
990 1997 1211 2035 uidendum
1240 1996 1559 2035 attachiamenta
1593 1996 1639 2035 de
1668 1996 1829 2043 foresta,
1851 1999 1934 2034 tam
1955 1997 2002 2034 de
2023 1996 2155 2042 uiridi,

426 2073 547 2109 quam
581 2060 629 2097 de
662 2058 892 2104 uenacione,
921 2071 990 2107 per
1023 2057 1366 2107 presentacionem
1400 2058 1577 2107 ipsorum
1610 2057 1922 2103 forestariorum,
1953 2060 1991 2096 et
2019 2070 2154 2096 coram

426 2121 520 2170 ipsis
537 2119 780 2158 attachiatis.
836 2119 1020 2157 Predicta
1035 2122 1171 2156 autem
1185 2118 1413 2157 suanimota
1428 2131 1510 2157 non
1524 2121 1738 2157 teneantur
1750 2118 1827 2156 nisi
1842 2118 1885 2156 in
1898 2117 2154 2157 comitatibus

427 2181 469 2219 in
492 2180 635 2230 quibus
655 2180 781 2218 teneri
802 2182 1111 2218 consueuerunt.

507 2244 543 2280 9.
575 2240 859 2290 Unusquisque
879 2240 978 2278 liber
997 2240 1118 2278 homo
1140 2239 1284 2288 agistet
1303 2239 1468 2278 boscum
1489 2253 1606 2278 suum
1627 2240 1669 2278 in
1689 2240 1836 2279 foresta
1856 2253 1926 2290 pro
1947 2240 2157 2279 uoluntate

427 2316 499 2341 sua
519 2306 558 2340 et
578 2301 723 2340 habeat
743 2302 991 2351 pannagium
1011 2314 1142 2339 suum.
1200 2301 1466 2340 Concedimus
1487 2301 1614 2340 eciam
1634 2302 1739 2351 quod
1764 2302 2038 2351 unusquisque
2057 2300 2158 2339 liber

428 2363 549 2402 homo
569 2362 692 2412 possit
720 2363 862 2400 ducere
891 2375 1028 2411 porcos
1058 2375 1149 2400 suos
1184 2375 1253 2411 per
1284 2362 1531 2400 dominicum
1564 2362 1729 2401 boscum
1759 2365 1956 2409 nostrum,
1976 2362 2098 2400 libere
2118 2364 2158 2400 et

428 2425 512 2463 sine
541 2424 826 2473 inpedimento,
856 2424 905 2461 ad
935 2424 1191 2472 agistandum
1220 2437 1284 2462 eos
1314 2423 1355 2461 in
1384 2423 1513 2462 boscis
1543 2424 1623 2462 suis
1654 2424 1837 2473 propriis,
1865 2424 1930 2462 uel
1961 2422 2056 2461 alibi
2089 2422 2157 2461 ubi

429 2486 614 2525 uoluerit.
670 2486 725 2524 Et
745 2486 777 2524 si
797 2486 905 2535 porci
934 2486 1103 2524 alicuius
1133 2485 1247 2524 liberi
1281 2486 1459 2524 hominis
1493 2499 1574 2524 una
1607 2489 1725 2524 nocte
1755 2485 2081 2534 pernoctauerint
2114 2484 2157 2522 in

428 2547 574 2585 foresta
595 2549 743 2592 nostra,
764 2559 845 2584 non
865 2546 957 2584 inde
977 2546 1251 2584 occasionetur
1270 2546 1327 2584 ita
1347 2546 1452 2595 quod
1472 2546 1624 2595 aliquid
1644 2546 1691 2584 de
1711 2559 1781 2584 suo
1801 2545 1953 2595 perdat.

511 2609 572 2645 10.
602 2607 746 2644 Nullus
802 2607 848 2644 de
904 2610 1033 2644 cetero
1089 2606 1251 2644 amittat
1306 2606 1434 2645 uitam
1479 2607 1544 2645 uel
1595 2606 1761 2645 menbra
1816 2620 1887 2656 pro
1938 2606 2158 2645 uenacione

430 2670 593 2713 nostra;
642 2671 712 2712 set,
744 2667 776 2705 si
810 2667 953 2717 aliquis
985 2670 1124 2716 captus
1153 2667 1274 2706 fuerit
1307 2671 1346 2706 et
1379 2667 1585 2706 convictus
1616 2668 1663 2706 de
1696 2668 1884 2716 capcione
1915 2667 2158 2711 uenacionis,

430 2728 605 2778 grauiter
637 2727 869 2774 redimatur,
899 2728 932 2766 si
962 2728 1108 2766 habeat
1139 2729 1243 2766 unde
1275 2729 1416 2767 redimi
1447 2728 1595 2778 possit;
1626 2730 1665 2766 et
1695 2728 1728 2766 si
1759 2740 1840 2766 non
1873 2727 2020 2766 habeat
2053 2727 2159 2766 unde

432 2789 573 2827 redimi
606 2789 744 2838 possit,
773 2789 900 2828 iaceat
929 2789 969 2826 in
999 2789 1161 2838 prisona
1190 2793 1327 2827 nostra
1364 2803 1433 2839 per
1462 2802 1588 2827 unum
1618 2802 1772 2827 annum
1801 2792 1840 2827 et
1870 2802 1996 2827 unum
2026 2789 2157 2834 diem;

430 2853 481 2895 et,
512 2849 544 2887 si
582 2852 671 2898 post
701 2863 827 2888 unum
858 2863 1010 2888 annum
1044 2852 1081 2888 et
1120 2863 1247 2887 unum
1277 2849 1382 2888 diem
1412 2851 1562 2900 plegios
1596 2849 1778 2888 inuenire
1816 2850 1952 2900 possit,
1984 2852 2098 2888 exeat
2137 2862 2160 2887 a

430 2911 588 2960 prisona
607 2924 614 2955 ;
646 2908 707 2948 sin
728 2915 876 2956 autem,
898 2910 1054 2948 abiuret
1074 2923 1243 2959 regnum
1263 2911 1420 2959 Anglie.

513 2973 572 3008 11.
604 2970 840 3020 Quicunque
869 2970 1204 3020 archiepiscopus,
1235 2971 1456 3020 episcopus,
1486 2983 1618 3009 comes
1647 2971 1712 3009 uel
1741 2971 1837 3009 baro
1866 2970 2071 3009 transierit
2091 2983 2159 3019 per

431 3033 621 3069 forestam
641 3035 835 3078 nostram,
856 3032 973 3070 liceat
994 3032 1028 3070 ei
1049 3045 1188 3081 capere
1209 3045 1332 3070 unam
1355 3032 1416 3070 uel
1430 3032 1527 3070 duas
1543 3031 1689 3070 bestias
1710 3045 1778 3081 per
1798 3031 1930 3069 uisum
1945 3031 2157 3075 forestarii,

431 3093 462 3131 si
484 3106 643 3142 presens
665 3093 783 3132 fuerit
802 3108 808 3140 ;
841 3094 902 3132 sin
923 3096 1071 3139 autem,
1092 3093 1213 3132 faciat
1234 3094 1404 3138 cornari,
1428 3107 1476 3132 ne
1498 3093 1680 3132 uideat-ur
1700 3093 1848 3131 furtiue
1869 3092 1942 3131 hoc
1963 3092 2102 3131 facere.
