2421 3529
433 321 526 367 110
888 333 1073 368 sELEcr
1108 333 1299 369 FOREsT
1335 334 1686 377 INQUISITIONS

428 444 625 499 Langel',
649 444 755 487 dum
789 445 871 488 fuit
905 445 1174 489 iusticiarius
1209 446 1261 488 de
1296 447 1472 497 foresta,
1497 446 1689 489 cucurrit
1712 460 1812 488 cum
1843 449 1963 490 mota
1997 462 2077 491 sua
2105 450 2148 491 et

427 513 654 567 leporariis
678 513 768 556 suis
800 517 843 557 et
874 515 1118 557 berselettis
1151 517 1192 558 et
1223 516 1506 570 congregauit
1534 516 1795 557 multociens
1827 529 1927 558 cum
1959 518 2148 558 arcubus

428 585 470 624 et
493 583 666 636 sagittis
690 584 837 625 decem
860 587 902 627 et
924 587 1020 626 octo
1042 584 1242 626 homines
1275 587 1317 627 et
1349 585 1538 626 multam
1571 585 1768 626 fecerunt
1801 585 2148 627 destruccionem

428 652 480 693 de
501 652 738 695 venacione
761 653 928 694 domini
950 653 1063 707 regis
1085 653 1130 693 in
1154 653 1358 695 omnibus
1381 653 1555 695 balliuis
1587 654 1759 703 foreste,
1783 667 1833 695 ex
1865 667 1949 707 quo
1981 655 2144 696 foresta

427 720 619 762 multum
642 721 864 763 destructa
886 724 979 764 erat
1001 736 1078 776 per
1101 721 1289 763 eundem
1312 722 1521 763 Iacobum
1544 724 1586 764 et
1610 722 1748 764 socios
1771 736 1886 764 suos.

514 790 734 832 Walterus
756 791 1007 841 Kakilberd,
1027 792 1158 833 homo
1177 791 1344 832 domini
1361 791 1563 845 Hugonis
1579 791 1630 833 de
1649 791 1898 845 Goldingh’,
1918 792 2145 834 senescalli

426 858 597 909 foreste,
620 859 739 901 venit
762 859 808 900 in
830 860 993 902 foresta
1015 860 1066 902 de
1090 859 1374 914 Geytington’
1407 860 1453 900 in
1484 860 1661 910 Westle,
1696 862 1738 902 et
1770 861 2011 914 prostrauit
2035 861 2144 903 duas

425 941 610 981 quercus
631 942 708 982 per
730 931 895 971 terram
917 929 964 970 in
982 929 1198 971 dominico
1212 930 1341 971 bosco
1359 929 1524 971 domini
1542 930 1655 984 regis
1678 932 1720 972 et
1737 929 1918 972 terciam
1936 944 2144 984 quercum

425 995 472 1036 in
495 997 901 1052 Themanneshedg’
925 1012 1001 1052 per
1023 1000 1189 1040 terram
1211 998 1257 1040 in
1285 998 1503 1041 dominico
1535 999 1664 1041 bosco
1696 998 1863 1040 domini
1894 999 2021 1052 regis.
2083 999 2143 1040 Et

424 1066 586 1109 cariate
608 1068 787 1109 fuerunt
809 1068 922 1109 dicte
945 1082 1129 1122 quercus
1152 1069 1207 1110 ad
1229 1069 1331 1110 Acle
1353 1069 1408 1110 ad
1431 1068 1610 1111 domum
1628 1068 1824 1110 eiusdem
1837 1068 2020 1112 Walteri
2043 1082 2144 1110 611111

425 1138 596 1178 6616616
618 1137 785 1178 (101111111
807 1137 1009 1191 Hugonis
1032 1138 1216 1191 predicti
1239 1140 1281 1180 et
1304 1138 1425 1192 equis
1449 1140 1490 1180 et
1512 1138 1780 1180 hominibus.

511 1205 754 1247 Willelmus
777 1206 869 1248 Wic
892 1206 943 1247 de
966 1206 1246 1260 Geytington’
1272 1207 1385 1261 cepit
1401 1221 1538 1249 vnum
1560 1208 1822 1249 blettronem
1844 1206 1891 1248 in
1916 1206 2141 1261 Springes-

422 1273 547 1328 hedg'
571 1274 617 1316 in
640 1274 855 1317 dominico
877 1275 1004 1317 bosco
1027 1276 1193 1317 domini
1215 1276 1355 1330 regis3
1390 1276 1593 1318 nesciunt
1617 1290 1701 1330 quo
1723 1279 1944 1326 waranto;
1979 1278 2022 1317 et
2046 1276 2142 1317 ideo

422 1342 594 1385 inuenit
622 1344 785 1398 plegios
811 1345 1103 1399 respondendi
1135 1359 1281 1387 coram
1313 1345 1566 1388 iusticiariis
1597 1346 1838 1387 Radulfum
1870 1345 1925 1387 ad
1957 1345 2142 1387 Pontem

422 1414 464 1454 61
486 1412 727 1454 Robertum
750 1412 967 1455 Pistorem
990 1413 1042 1456 de
1065 1413 1366 1467 Geytington’.

509 1482 622 1524 Item
660 1482 811 1524 dicunt
846 1483 960 1536 quod
994 1483 1216 1537 predictus
1253 1483 1460 1527 Salomon
1498 1483 1667 1526 collexit
1704 1497 1838 1525 vnam
1875 1484 2141 1524 carectatam

420 1550 595 1605 plenam
618 1550 670 1593 de
692 1552 849 1605 glande
871 1552 917 1592 in
937 1552 1112 1603 foresta,
1129 1554 1170 1594 et
1189 1552 1307 1594 venit
1324 1553 1574 1595 itinerando
1587 1567 1664 1607 per
1686 1552 1856 1594 Biston’
1877 1567 1887 1602 ;
1922 1554 1964 1593 et
1979 1551 2142 1592 ibidem

420 1620 572 1662 eadem
595 1622 766 1663 carecta
788 1621 1044 1664 athachiata
1066 1623 1160 1663 erat
1181 1636 1192 1671 3
1226 1623 1267 1663 et
1285 1621 1539 1664 nesciebant
1554 1622 1770 1676 quomodo
1786 1621 2026 1663 deliberata
2043 1620 2140 1661 11111.

421 1720 660 1763 ¹Ricardus
682 1722 828 1764 Burel’
853 1722 904 1764 de
925 1723 1113 1765 Bouton’
1246 1722 1465 1766 Walterus
1496 1724 1686 1766 Freman
1709 1723 1761 1766 de
1784 1723 2007 1778 Geytingt’

419 1790 615 1845 Rogerus
637 1792 858 1846 Franceys
881 1791 933 1834 de
956 1792 1143 1834 Neuton’
1249 1793 1400 1836 Simon
1424 1793 1603 1834 clericus
1626 1794 1678 1834 de
1701 1793 1900 1836 Grafton’

419 1860 662 1902 Willelmus
684 1861 876 1903 Freman
899 1861 950 1903 de
974 1862 1124 1903 eadem
1246 1862 1402 1903 Petrus
1424 1862 1540 1904 filius
1561 1863 1769 1905 Willelmi
1784 1863 1835 1904 de
1849 1863 2036 1904 Bouton’

417 1929 613 1983 Rogerus
628 1929 745 1971 filius
762 1929 896 1972 Alicie
912 1930 963 1972 de
980 1930 1168 1972 Bouton'
1244 1931 1489 1973 Willelmus
1512 1931 1694 1973 clericus
1717 1932 1769 1973 de
1789 1931 1924 1973 Wicle
2083 1928 2125 1991 ἓξ

417 1998 632 2040 Radulfus
654 1999 811 2041 Basset
833 1999 885 2041 de
910 1999 1094 2053 81111106
1244 2000 1463 2041 Η611116116
1485 2001 1665 2042 clericus
1688 2000 1739 2041 de
1765 2000 1947 2054 81111106
2081 1995 2124 2062 Ξ

417 2067 632 2109 Robertus
688 2067 804 2109 filius
860 2068 1072 2110 Iohannis
1115 2069 1166 2111 de
1244 2069 1464 2112 Hemicus
1487 2070 1542 2112 ad
1565 2084 1737 2112 crucem
1761 2070 1812 2112 de
1835 2070 1987 2112 eadem

477 2136 674 2178 Twiwell’

416 2205 630 2248 Ricardus
653 2206 704 2248 de
727 2206 853 2249 Cotes

417 2323 492 2378 qui
513 2323 646 2366 iurati
668 2324 819 2366 dicunt
842 2324 955 2379 quod
977 2324 1113 2368 viride
1136 2327 1178 2368 et
1200 2325 1379 2368 venacio
1400 2326 1509 2369 bene
1531 2325 1789 2369 custoditur.

504 2393 669 2435 Dicunt
701 2393 839 2436 eciam
868 2395 983 2448 quod
1009 2408 1160 2437 omnes
1191 2395 1409 2438 forestarii
1439 2395 1588 2438 fideles
1621 2398 1750 2446 sunt;
1786 2397 1828 2438 et
1854 2394 1991 2437 nichil
2016 2395 2137 2438 aliud

417 2463 562 2505 sciunt
585 2464 636 2505 de
657 2463 758 2506 illis.

504 2532 669 2575 Dicunt
691 2533 829 2575 eciam
852 2533 966 2587 quod
988 2533 1252 2576 Acwellesik’
1274 2535 1461 2577 falcatur
1483 2549 1562 2589 pro
1583 2534 1817 2577 medietate
1834 2549 1910 2589 per
1924 2535 2135 2584 balliuos;

415 2604 457 2644 et
480 2616 566 2644 vna
587 2602 797 2645 medietas
826 2604 1047 2646 adunatur
1074 2607 1116 2646 et
1147 2604 1327 2658 ponitur
1360 2619 1489 2659 super
1522 2605 1757 2660 quemdam
1790 2607 1960 2647 tassum
1991 2608 2136 2659 preter

415 2671 652 2725 quamdam
674 2674 846 2726 partem
869 2687 951 2726 que
974 2672 1147 2715 ducitur
1171 2674 1226 2715 ad
1247 2674 1481 2716 Brixstok'.

502 2740 683 2793 Langel’
708 2741 896 2783 falcatur
918 2755 996 2795 pro
1018 2742 1268 2793 medietate,
1293 2745 1335 2785 et
1362 2745 1506 2785 totum
1533 2743 1684 2785 fenum
1714 2744 1779 2785 est
1806 2742 1866 2784 ibi
1894 2741 2131 2797 integrum.

502 2809 667 2851 Dicunt
689 2808 826 2852 eciam
852 2811 965 2863 quod
991 2811 1196 2853 Salomon
1219 2815 1260 2854 et
1283 2812 1498 2867 Nopping’
1523 2815 1565 2855 et
1591 2813 1743 2855 Simon
1764 2812 1880 2854 filius
1902 2811 2060 2865 Rogeri
2082 2812 2133 2852 de

415 2877 698 2932 Geytington'
722 2892 811 2920 non
833 2881 937 2921 sunt
960 2879 1178 2922 forestarii
1208 2880 1357 2931 iurati,
1383 2884 1425 2923 61
1456 2884 1607 2924 tamen
1629 2884 1736 2924 eunt
1758 2895 1858 2924 cum
1880 2882 2068 2923 arcubus
2091 2882 2133 2922 et

415 2947 585 3001 sagittis
607 2947 818 2989 barbatis.

499 3017 640 3059 2Item
659 3017 810 3059 dicunt
832 3017 946 3072 quod
967 3017 1137 3060 nullam
1161 3018 1488 3073 suspeccionem
1510 3019 1676 3062 habent
1697 3032 1851 3062 uersus
1869 3018 2058 3073 aliquem
2082 3018 2133 3061 (16

457 3137 465 3155 ¹
493 3137 565 3169 The
597 3138 708 3178 object
736 3139 770 3169 of
797 3138 926 3179 having
954 3148 974 3170 a
1002 3139 1126 3171 second
1157 3140 1236 3181 jury
1306 3141 1420 3178 forest,
1438 3141 1539 3173 while
1556 3141 1614 3173 the
1632 3140 1758 3173 second
1781 3151 1866 3181 gave
1891 3150 2040 3174 answers
2056 3143 2091 3173 to
2108 3150 2128 3172 a

414 3191 521 3212 swern
542 3183 571 3212 is
595 3188 654 3213 not
679 3187 854 3222 apparent
901 3183 1054 3223 Perhaps
1078 3184 1137 3215 the
1162 3186 1235 3216 first
1305 3186 1363 3216 list
1380 3187 1415 3216 of
1431 3185 1569 3225 general
1585 3186 1877 3225 interrogatories.

412 3235 475 3256 one
494 3236 560 3257 was
577 3226 765 3258 concerned
782 3226 864 3258 with
888 3227 1106 3260 malefactors
1123 3227 1159 3259 in
1176 3228 1235 3260 the
1348 3231 1360 3248 ²
1386 3230 1447 3263 See
1464 3239 1520 3270 pp.
1538 3231 1578 3261 35
1597 3229 1665 3261 and
1683 3231 1755 3261 106.
