2421 3529
491 249 551 294 cii
1170 260 1551 296 INTRODUCTION

570 371 796 410 Edwardus
827 371 889 409 dei
922 371 1057 421 gracia
1088 385 1156 411 rex
1187 372 1331 422 Anglie
1363 373 1549 412 dominus
1592 373 1787 426 Hibernie
1818 377 1856 412 et
1890 374 1969 412 dux
2001 375 2217 425 Aquitanie

489 433 645 471 dilectis
684 436 723 471 et
759 432 944 471 fidelibus
983 434 1065 471 suis
1103 433 1297 482 magistro
1336 434 1398 471 W.
1436 434 1605 480 ScameL
1645 435 1794 473 decano
1835 435 1957 482 Sarr’,
1998 439 2036 474 et
2074 437 2129 475 M.
2168 438 2215 476 de

491 492 719 532 Columbar’
742 493 926 531 salutem.
983 494 1085 540 Quia
1106 494 1294 532 uolumus
1315 494 1420 542 quod
1441 498 1552 533 carta
1571 498 1709 533 nostra
1730 496 1777 534 de
1796 495 1944 534 foresta
1964 496 2006 534 in
2027 497 2215 536 omnibus

490 558 529 593 et
550 555 720 603 singulis
749 555 929 593 articulis
959 556 1041 593 suis
1061 555 1349 594 inuiolabiliter
1375 555 1610 594 obseruetur
1631 556 1851 594 secundum
1881 557 1986 605 quod
2016 570 2144 606 nuper
2171 559 2214 597 in

489 616 656 654 consilio
676 619 814 653 nostro
836 615 941 664 apud
962 616 1370 654 Westmonasterium
1398 616 1595 665 puplicari
1615 616 1798 661 fecimus,
1820 616 2120 666 assignauimus
2141 631 2213 657 uos

489 676 539 713 ad
559 675 788 725 eligendum
809 676 1017 714 duodecim
1038 676 1086 714 de
1106 676 1410 714 discrecioribus
1431 679 1469 714 et
1490 677 1747 726 legalioribus
1768 679 1852 715 tam
1872 677 2071 716 militibus
2092 691 2214 728 quam

488 736 579 775 aliis
617 736 750 786 probis
796 736 1030 775 hominibus
1067 737 1114 775 de
1157 736 1326 786 singulis
1373 737 1632 775 comitatibus
1679 736 1929 786 subscriptis,
1965 738 2129 785 scilicet,
2167 739 2214 777 de

487 798 682 836 comitatu
712 797 935 843 Roteland’‚
965 797 1278 846 Northampton,
1301 797 1435 846 Salop,
1468 797 1657 842 Stafford‚
1678 797 1812 843 Berk’,
1844 798 1985 844 Oxon',
2007 798 2214 848 Wygorn‘,

487 857 689 902 Hefford’,
713 857 962 902 Gloucester,
984 857 1111 903 Wilt’,
1133 857 1266 901 Dors',
1291 856 1415 903 Som’,
1435 856 1586 903 Sutht',
1610 856 1734 903 Surr',
1754 857 1917 902 Sussex,
1932 858 2214 909 Huntyndon’,

486 919 603 963 Buk⁷,
627 922 665 957 et
685 919 815 957 Essex
836 920 880 956 ut
900 918 1131 957 conuocatis
1161 918 1359 956 militibus
1380 920 1418 956 et
1438 917 1574 967 probis
1594 917 1828 957 hominibus
1848 918 2036 968 predictis
2055 932 2214 958 necnon

486 979 707 1017 forestariis
736 982 774 1017 et
794 978 996 1016 uiridariis
1016 978 1258 1016 forestarum
1279 978 1496 1016 eorundem
1516 978 1783 1017 comitatuum
1803 991 1873 1027 per
1893 979 2028 1017 uisum
2048 979 2212 1018 illorum

486 1039 693 1078 duodecim
714 1040 785 1078 fiat
804 1039 1101 1089 perambulacio
1121 1042 1230 1078 recta
1260 1039 1330 1077 illa
1359 1039 1510 1077 scilicet
1531 1053 1606 1089 que
1635 1040 1743 1078 facta
1763 1040 1840 1077 fuit
1861 1042 2040 1088 tempore
2059 1040 2213 1078 domini

486 1101 652 1139 Henrici
671 1101 776 1150 regis
796 1100 922 1150 patris
941 1100 1069 1138 nostri
1089 1113 1165 1149 que
1184 1100 1364 1138 nondum
1385 1100 1661 1149 calumpniata
1681 1099 1758 1138 fuit
1779 1102 1817 1138 et
1837 1102 1881 1138 ut
1901 1100 1970 1138 alii
1991 1100 2149 1138 articuli
2170 1101 2212 1138 in

485 1162 624 1201 eadem
646 1166 755 1201 carta
775 1161 954 1200 contenti
967 1161 1257 1210 compleantur.
1313 1161 1368 1198 Et
1382 1161 1470 1199 ideo
1487 1161 1600 1199 uobis
1617 1161 1859 1198 mandamus
1880 1161 1986 1210 quod
2002 1161 2052 1199 ad
2072 1161 2155 1199 dies
2172 1164 2211 1200 et

484 1224 583 1271 loca,
602 1237 677 1273 que
690 1224 740 1262 ad
753 1225 828 1262 hoc
843 1223 1110 1273 prouideritis‚
1125 1225 1164 1260 et
1178 1222 1481 1261 uicecomitibus
1497 1222 1645 1260 nostris
1659 1222 1925 1260 comitatuum
1942 1223 2211 1271 predictorum

484 1285 584 1323 scire
600 1284 786 1330 feceritis,
803 1285 998 1334 premissa
1013 1283 1171 1322 faciatis
1185 1283 1226 1320 in
1244 1283 1374 1321 forma
1387 1283 1576 1332 predicta.
1616 1282 1903 1321 Mandauimus
1920 1283 2047 1321 eciam
2061 1284 2211 1322 eisdem

483 1344 788 1383 uicecomitibus
818 1344 968 1382 nostris
999 1344 1104 1392 quod
1136 1343 1186 1381 ad
1220 1343 1380 1381 eosdem
1414 1343 1498 1381 dies
1532 1346 1571 1381 et
1604 1343 1691 1381 loca
1723 1343 1861 1381 uenire
1892 1343 2044 1382 faciant
2075 1357 2210 1383 coram

485 1406 597 1444 uobis
626 1419 766 1444 omnes
794 1406 944 1443 milites
974 1405 1242 1443 comitatuum
1272 1404 1542 1453 predictorum
1575 1407 1614 1442 et
1644 1404 1839 1453 quosdam
1869 1405 1968 1443 alios
1997 1405 2141 1455 probos
2172 1408 2211 1444 et

482 1467 631 1516 legales
651 1466 835 1505 homines
852 1466 898 1504 de
913 1465 1061 1504 eisdem
1075 1464 1334 1504 comitatibus
1348 1464 1397 1501 ad
1414 1463 1489 1502 hoc
1506 1464 1763 1503 sufficientes.
1793 1465 1849 1502 Et
1865 1465 1941 1514 ipsi
1956 1465 2210 1504 uicecomites

480 1526 628 1565 ibidem
649 1527 763 1565 uobis
783 1529 996 1565 occurrant
1017 1527 1068 1564 ad
1088 1525 1298 1575 premissa,
1321 1525 1424 1563 sicut
1444 1525 1668 1574 predictum
1684 1528 1744 1564 est
1764 1526 2006 1575 perficienda
2026 1527 2084 1564 ita
2104 1528 2210 1576 quod

481 1587 779 1636 perambulacio
799 1587 868 1625 illa
896 1587 968 1625 fiat
999 1590 1038 1625 et
1064 1586 1133 1624 alii
1167 1586 1326 1624 articuli
1359 1585 1400 1623 in
1434 1585 1573 1623 eadem
1603 1589 1714 1624 carta
1744 1587 1922 1625 contenti
1948 1587 2209 1636 perficiantur

481 1647 594 1685 iuxta
614 1650 795 1686 tenorem
815 1650 922 1685 carte
952 1646 1178 1695 supradicte
1199 1649 1237 1684 et
1259 1646 1479 1684 secundum
1501 1646 1606 1695 quod
1637 1659 1709 1684 uos
1730 1646 1880 1684 eisdem
1900 1647 2210 1686 uicecomitibus

482 1707 581 1746 scire
601 1707 755 1746 facietis
782 1721 828 1746 ex
856 1710 968 1756 parte
988 1710 1126 1745 nostra
1152 1707 1208 1744 ita
1230 1709 1366 1744 tamen
1394 1707 1499 1755 quod
1530 1706 1655 1744 nichil
1686 1706 1952 1745 demandetur
1979 1708 2211 1746 exeouoioni

481 1768 605 1806 donec
633 1769 681 1806 de
709 1768 795 1817 ipso
824 1768 1012 1806 distincte
1042 1770 1081 1805 et
1110 1770 1245 1816 aperte
1277 1769 1315 1805 et
1344 1766 1495 1816 absque
1528 1767 1760 1816 calumpnia
1787 1768 1893 1806 facta
1925 1770 1963 1806 et
1987 1767 2105 1806 nobis
2135 1768 2209 1807 sub

481 1829 624 1878 sigillis
654 1829 799 1867 uestris
830 1831 869 1867 et
900 1829 1043 1878 sigillis
1081 1829 1279 1866 dictorum
1310 1827 1487 1865 militum
1518 1831 1762 1876 presentata,
1793 1828 2090 1878 preceperimus
2122 1830 2209 1868 fieri

481 1889 587 1939 quod
608 1890 654 1928 de
675 1890 842 1928 consilio
863 1893 1000 1928 nostro
1020 1888 1313 1938 prouiderimus
1335 1887 1578 1926 faciendum.
1636 1889 1686 1926 In
1715 1889 1828 1927 0111110
1849 1889 1905 1927 101
1926 1889 2207 1928 testimonium

479 1949 554 1988 has
574 1951 711 1988 literas
731 1953 890 1988 nostras
924 1950 1009 1988 fieri
1030 1949 1198 1987 fecimus
1229 1952 1425 1997 patentes.
1486 1949 1604 1987 Teste
1638 1961 1702 1988 me
1734 1949 1821 1998 ipso
1852 1950 1958 1999 apud
1989 1950 2207 2000 Dunstapl’

480 2010 610 2059 primo
631 2011 693 2049 die
714 2010 855 2050 Marcii
876 2023 982 2048 anno
1003 2010 1116 2060 regni
1136 2009 1263 2048 nostri
1285 2009 1437 2058 quinto.

568 2113 793 2154 Pursuant
830 2115 874 2155 to
897 2113 1019 2154 these
1051 2113 1203 2154 letters
1237 2113 1390 2166 patent
1424 2111 1800 2165 perambulations
1823 2126 1932 2154 were
1968 2112 2096 2154 made
2119 2113 2206 2154 and

479 2182 739 2236 complaints
761 2182 993 2236 presented
1017 2181 1191 2234 against
1214 2181 1288 2223 the
1304 2180 1514 2223 violation
1537 2181 1583 2222 of
1602 2181 1676 2223 the
1700 2181 1874 2222 charter
1896 2181 1952 2235 by
1975 2181 2049 2223 the
2072 2182 2206 2223 forest

477 2252 659 2293 Officers.
722 2252 759 2293 A
792 2252 870 2293 few
892 2254 1069 2293 returns
1106 2251 1218 2292 have
1253 2250 1455 2292 survived
1478 2250 1618 2292 which
1657 2250 1773 2292 show
1810 2250 1908 2291 that
1942 2250 2018 2292 the
2054 2250 2205 2304 people

481 2321 667 2363 suffered
691 2321 801 2362 from
825 2320 1035 2362 unlawful
1058 2319 1277 2362 exactione
1311 2320 1398 2361 and
1430 2319 1572 2373 hoped
1603 2319 1667 2360 for
1691 2332 1715 2360 a
1739 2318 2021 2360 curtailment
2053 2319 2099 2361 of
2130 2320 2206 2361 the

480 2391 672 2433 districts
696 2405 796 2433 over
819 2390 959 2433 which
992 2391 1096 2445 they
1119 2389 1244 2431 could
1277 2390 1328 2431 be
1362 2388 1595 2443 practised.
1658 2389 1748 2430 But
1781 2388 1816 2430 it
1851 2388 2007 2430 should
2041 2390 2118 2430 not
2153 2388 2205 2430 be

478 2461 683 2503 assumed
705 2461 803 2502 that
826 2460 900 2502 the
923 2459 1115 2513 findings
1138 2459 1184 2501 of
1203 2459 1277 2500 the
1295 2458 1441 2512 jurors
1464 2471 1574 2500 were
1607 2457 1653 2498 in
1687 2458 1745 2499 all
1781 2471 1902 2499 cases
1932 2457 2204 2512 historically

478 2532 656 2572 correct.
719 2530 841 2572 More
863 2529 972 2571 than
996 2529 1093 2583 fifty
1114 2542 1241 2583 years
1273 2528 1361 2569 had
1384 2527 1559 2581 elapsed
1582 2526 1700 2568 since
1732 2527 1806 2568 the
1839 2526 1997 2568 second
2020 2525 2137 2568 issue
2159 2527 2204 2568 01

478 2600 553 2641 the
595 2600 795 2648 charter;
850 2612 970 2640 more
1012 2598 1122 2639 than
1157 2612 1182 2639 a
1224 2599 1408 2651 century
1444 2597 1561 2638 since
1604 2596 1678 2638 the
1720 2595 1816 2637 first
1859 2595 2115 2637 coronation
2159 2596 2205 2637 of

478 2670 633 2723 Henry
655 2669 714 2709 Π.
777 2668 994 2709 Intervals
1017 2668 1125 2708 such
1148 2681 1196 2709 as
1218 2667 1340 2708 these
1364 2680 1474 2708 were
1497 2665 1758 2719 sufficiently
1780 2665 1882 2719 long
1903 2666 1969 2707 for
1991 2664 2202 2706 tradition

476 2742 521 2781 to
545 2739 722 2792 develop
746 2737 977 2790 according
1009 2739 1053 2778 to
1085 2736 1159 2778 the
1182 2736 1337 2777 wishes
1375 2735 1461 2776 and
1498 2735 1573 2776 the
1608 2734 1814 2776 interests
1849 2735 1895 2776 of
1925 2734 2000 2775 the
2037 2734 2202 2788 people.

477 2809 568 2850 The
594 2809 813 2852 Somerset
847 2807 995 2861 jurors
1029 2805 1234 2847 recorded
1271 2805 1346 2846 the
1381 2803 1646 2845 boundaries
1684 2803 1730 2844 of
1764 2802 1879 2844 their
1918 2803 2090 2852 forests,
2115 2802 2204 2843 and

477 2879 583 2921 then
605 2876 773 2919 added1
798 2877 909 2925 that,
934 2875 1038 2918 with
1073 2875 1198 2917 those
1233 2873 1495 2928 exceptions‚
1519 2873 1576 2915 all
1603 2873 1823 2915 Somerset
1847 2886 1934 2914 was
1957 2872 2044 2914 and
2067 2872 2204 2925 ought

524 2996 529 3013 ¹
557 2994 743 3035 ‘Exceptis
794 2992 1000 3033 supradictis
1048 2991 1185 3023 forestis
1232 2993 1304 3022 tota
1373 3001 1432 3031 per
1456 3000 1569 3030 regem
1594 2989 1797 3027 Iohannem,
1828 2989 1965 3029 quando
1990 2988 2205 3020 afforestauit

479 3041 673 3071 Somerseta
691 3043 741 3070 est
759 3041 855 3069 extra
873 3039 1035 3068 forestam
1053 3039 1086 3067 et
1105 3036 1203 3067 debet
1220 3045 1304 3071 esse,
1373 3038 1483 3066 totam
1515 3034 1686 3073 Angliam.
1734 3035 1779 3065 Et
1811 3037 1932 3073 postea
1960 3033 2204 3064 deafforestata

478 3086 529 3114 set
548 3083 662 3123 aliquo
681 3086 832 3122 tempore
851 3082 914 3112 fuit
933 3081 1143 3115 afforestata,
1162 3079 1303 3114 scilicet,
1374 3079 1439 3109 fuit
1471 3088 1531 3118 per
1562 3088 1675 3117 regem
1708 3078 1898 3108 Henricum
1932 3078 2042 3108 filium
2075 3077 2200 3108 suum.'

479 3130 554 3167 post
586 3128 732 3167 primam
757 3125 1018 3157 coronacionem
1047 3123 1189 3154 Henrici
1217 3123 1304 3162 regis
1375 3123 1468 3164 (For.
1485 3123 1595 3157 Proc.‚
1612 3121 1697 3154 Anc.
1716 3122 1858 3159 Chanc.‚
1878 3122 1939 3152 No.
1959 3121 2046 3161 101.)

421 3165 424 3169 ’
479 3171 536 3202 aui
554 3170 684 3202 domini
703 3169 789 3209 regis
803 3169 944 3200 Henrici
959 3168 1020 3199 filii
1034 3167 1123 3207 regis
1137 3167 1304 3199 Iohannis
