2421 3529
243 1237 313 1253 cras.
333 1230 440 1254 miseri-

241 1270 262 1286 c·
269 1264 346 1288 »1-(1111.

243 1368 289 1384 cra
295 1369 314 1386 s.
334 1362 441 1386 miseri—

241 1396 344 1419 cordia.

243 1502 259 1517 v
273 1502 293 1518 s.
307 1495 412 1519 miseri-

241 1529 347 1553 Gordia.

240 1713 347 1737 miseri-

240 1747 342 1771 cordia.

240 1787 271 1819 iij
288 1796 308 1813 s.
321 1789 349 1819 vj
364 1790 390 1814 d.

237 1922 344 1945 miseri-

239 1955 343 1980 cordia.

240 2119 350 2143 miseri-

242 2153 348 2178 cordia.

241 2268 340 2298 vtlag'.

242 2475 311 2499 Corn
317 2483 342 2499 m
357 2482 428 2506 rego.

1302 800 1352 841 I.l

480 927 728 969 PLACITA
770 926 1039 968 FORESTE
1086 926 1409 968 PLACITATA
1456 926 1612 968 APUD
1657 926 2036 969 NORHAMTON’
2071 927 2206 968 DIE²

566 1002 826 1044 VENERIS
877 1001 1141 1042 PROXIMA
1195 1001 1349 1041 ANTE
1403 1001 1646 1044 FESTUM
1707 1001 1913 1043 SANCTI
1968 1002 2201 1043 MATHIE

566 1077 851 1120 APOSTOLI
894 1076 1050 1118 ANNO
1092 1076 1281 1118 REGNI
1323 1076 1502 1119 REGIS
1546 1077 1832 1119 IOHANNIS
1875 1077 2117 1120 DECIMO.

563 1211 782 1252 Robertus
817 1210 869 1250 de
912 1209 1013 1251 Acle
1056 1209 1101 1250 in
1144 1209 1443 1251 misericordia
1487 1209 1590 1262 quia
1626 1223 1716 1251 non
1751 1208 1906 1250 habuit
1942 1209 2204 1252 Godwinum

477 1280 756 1322 forestarium
780 1293 909 1321 suum
933 1293 1061 1333 quem
1084 1279 1323 1332 plegiauit;
1359 1282 1400 1320 et
1422 1279 1584 1320 habeat
1607 1292 1706 1320 eum
1731 1279 1798 1319 die
1830 1279 2036 1321 crastina.

564 1350 666 1391 Elia
693 1351 744 1390 de
768 1350 993 1391 Karleton’
1020 1348 1080 1404 [et
1113 1349 1330 1390 Aluredus
1364 1349 1415 1390 de
1447 1349 1619 1402 Dingel’
1638 1348 1671 1404 3]
1704 1348 1750 1389 in
1783 1348 2081 1391 misericordia
2104 1349 2205 1403 quia

475 1434 563 1461 non
586 1419 839 1460 habuerunt
863 1419 1003 1471 capud
1027 1418 1146 1460 cerui
1169 1418 1230 1460 eis
1248 1419 1261 1440 ⁴
1285 1418 1570 1460 commissum
1590 1434 1600 1468 ;
1635 1420 1677 1459 et
1700 1418 1862 1460 habeat
1885 1418 1953 1459 die
1977 1418 2184 1460 crastina.

563 1490 781 1530 Robertus
805 1488 855 1529 de
878 1488 1049 1529 Riston’
1073 1490 1116 1530 et
1138 1487 1340 1541 tethinga
1363 1487 1541 1528 Ricardi
1564 1487 1714 1528 fratris
1738 1487 1806 1528 sui
1827 1487 1873 1528 in
1906 1488 2206 1530 misericordia

474 1573 552 1612 pro
575 1559 678 1612 fuga
700 1558 885 1612 predicti
907 1557 1096 1599 Ricardi.
1161 1557 1331 1599 Catalla
1354 1557 1492 1611 ipsius
1515 1557 1692 1598 Ricardi
1715 1557 1906 1611 quinque
1931 1557 2068 1607 solidi,
2092 1558 2206 1600 vnde

474 1629 671 1681 Rogerus
694 1628 746 1669 de
768 1628 925 1669 Neuill’
952 1627 1077 1668 debet
1101 1627 1375 1680 respondere.

564 1697 812 1751 Thethinga
855 1697 1038 1738 Henrici
1081 1696 1384 1738 Trenchenote
1417 1696 1469 1737 de
1501 1695 1673 1738 Riston’
1708 1695 1753 1736 in
1797 1695 2096 1737 misericordia
2127 1710 2206 1749 pro

475 1768 578 1820 fuga
612 1767 751 1821 ipsius
774 1766 957 1808 Henrici
977 1781 985 1814 3
1021 1765 1218 1819 precium
1242 1765 1504 1807 catallorum
1527 1767 1616 1806 tres
1640 1764 1767 1806 solidi
1792 1779 1864 1806 sex
1887 1765 2069 1814 denarii,
2094 1765 2206 1807 vnde

474 1837 589 1878 idem
612 1837 808 1890 Rogerus
832 1835 957 1876 debet
979 1835 1254 1888 respondere.
1318 1834 1440 1875 Idem
1463 1833 1684 1875 Henricus
1707 1836 1772 1875 est
1794 1834 2148 1888 interrogandus.

563 1906 812 1959 Thethinga
853 1904 987 1947 Wioti
1031 1904 1092 1959 [et
1135 1903 1314 1945 Ricardi
1368 1902 1541 1957 Sprang
1592 1903 1785 1944 hominis
1836 1903 2014 1945 Ricardi
2056 1904 2206 1946 fratris

474 1975 654 2017 Roberti
668 1975 720 2016 de
742 1973 918 2029 Biston]
933 1975 946 1996 ⁵
960 1973 1006 2014 in
1029 1972 1330 2014 misericordia
1351 1986 1430 2026 pro
1453 1972 1557 2026 fuga
1579 1972 1719 2026 ipsius
1736 1972 1883 2015 Wioti.
1936 1974 2034 2016 Non
2051 1974 2206 2016 habuit

475 2045 634 2086 catalla
654 2059 662 2093 ;
698 2046 739 2085 et
763 2046 828 2084 est
850 2042 1205 2096 interrogandus.

563 2112 870 2166 Francoplegii
893 2111 1100 2154 Willehni
1122 2111 1288 2153 Warin’
1313 2110 1507 2152 hominis
1530 2111 1745 2153 Iohannis
1768 2111 1926 2154 Basset
1958 2111 2003 2152 in
2036 2111 2204 2154 miseri-

476 2182 623 2224 cordia
645 2195 723 2235 pro
748 2182 851 2234 fuga
873 2180 1013 2234 ipsius
1034 2180 1259 2222 Willelmi.

564 2252 813 2293 Vicecomes
851 2251 978 2292 debet
1013 2251 1276 2304 respondere
1319 2250 1388 2292 die
1425 2249 1620 2292 crastina
1663 2251 1714 2292 de
1755 2250 1962 2304 predictis
2004 2251 2204 2301 Ricardo,

478 2321 687 2371 Henrico,
720 2320 908 2362 Ricardo
937 2320 1110 2373 Sprang
1143 2322 1185 2362 et
1208 2320 1324 2362 Wiot
1351 2320 1387 2360 si
1426 2320 1589 2361 fuerint
1619 2320 1816 2373 vtlagati.
1878 2321 1938 2363 Et
1968 2321 2205 2363 vicecomes

478 2390 582 2432 dicit
597 2391 611 2414 5
635 2390 748 2443 quod
771 2389 955 2441 vtlagati
979 2389 1114 2431 sunt.⁷

565 2460 761 2512 Rogerus
790 2458 915 2500 Grim
948 2459 1187 2499 messarius
1221 2458 1393 2500 abbatis
1426 2459 1478 2500 de
1510 2459 1658 2511 Burgo
1682 2461 1836 2513 captus
1870 2458 1953 2501 fuit
1986 2460 2205 2514 sequendo

1416 2595 1427 2610 ⁵
1453 2592 1525 2623 The
1550 2591 1658 2623 words
1683 2592 1718 2622 in
1750 2592 1907 2624 brackets
1932 2602 1988 2624 are
2021 2593 2205 2625 interlined

1372 2636 1408 2667 in
1440 2637 1499 2667 the
1531 2636 1676 2676 original
1708 2636 1771 2667 roll
1803 2637 1870 2668 and
1899 2637 2043 2668 omitted
2073 2637 2109 2668 in
2145 2637 2204 2669 the

1372 2681 1569 2720 transcript.

1419 2726 1430 2741 ‘³
1454 2724 1537 2755 This
1546 2723 1635 2755 word
1647 2723 1676 2754 is
1687 2723 1846 2764 repeated
1857 2724 1893 2755 in
1907 2724 1965 2755 the
1977 2724 2122 2764 original
2130 2724 2204 2756 roll.

1422 2771 1431 2785 ⁷
1457 2768 1530 2798 The
1562 2768 1735 2807 following
1763 2771 1861 2808 entry
1893 2768 1921 2799 is
1953 2768 2033 2799 here
2069 2769 2204 2800 written

523 2595 527 2611 ¹
556 2594 674 2624 Fores*
706 2593 940 2633 Proceeslinsss,
971 2593 1142 2633 Treasnry
1173 2593 1210 2633 of
1239 2592 1301 2624 Re-

475 2637 570 2678 ceipt.
589 2638 650 2667 No.
669 2638 720 2667 ⁴132.
768 2637 878 2667 There
903 2637 932 2667 is
957 2637 1028 2667 also
1054 2640 1089 2668 at
1110 2637 1167 2667 the
1186 2637 1303 2667 Public

474 2681 604 2712 Record
630 2682 731 2712 Ol'fice
757 2691 800 2711 an
821 2681 943 2711 official
968 2681 1152 2720 transcript
1178 2681 1212 2711 of
1234 2680 1304 2710 this

476 2725 539 2756 roll
559 2724 670 2755 which
689 2735 756 2755 was
783 2724 882 2755 made
910 2724 1054 2755 towards
1076 2724 1134 2755 the
1155 2724 1246 2755 close
1271 2724 1305 2755 of

476 2769 535 2799 the
561 2768 752 2799 thirteenth
778 2772 931 2808 century.
979 2768 1051 2798 The
1076 2769 1246 2799 reference
1271 2771 1305 2799 to

476 2812 502 2843 it
530 2812 558 2842 is
585 2813 702 2843 Forest
728 2812 963 2852 Proceedz‘uqs,
990 2812 1160 2852 Treasury
1185 2812 1221 2851 of
1244 2812 1305 2842 Re-

475 2856 892 2896 ceipt,N0.24o‚R0t.1‹j.
933 2857 944 2873 '·'
969 2857 1010 2886 20
1022 2855 1195 2895 February
1205 2855 1295 2897 1203.

519 2903 530 2917 ³
555 2899 628 2930 The
654 2899 762 2930 words
794 2899 829 2929 in
864 2899 1021 2930 brackets
1053 2909 1109 2930 are
1134 2899 1307 2930 cancelled

475 2943 509 2973 in
529 2943 586 2974 the
604 2943 749 2982 original
763 2943 826 2974 roll
840 2943 907 2973 and
925 2943 1068 2973 omitted
1086 2943 1121 2973 in
1139 2943 1197 2974 the
1215 2946 1306 2974 tran-

473 2987 536 3018 scri
551 2991 588 3018 )t.

519 2998 626 3061 ⁴1The
647 3031 714 3061 last
740 3030 838 3061 letter
863 3031 897 3061 of
922 3030 992 3061 this
1017 3030 1107 3061 word
1132 3030 1195 3061 has
1220 3029 1304 3061 been

473 3074 591 3105 erased
616 3075 650 3104 in
676 3075 733 3105 the
759 3074 904 3113 original
930 3074 1003 3105 roll.
1052 3075 1083 3105 It
1108 3074 1136 3105 is
1161 3074 1304 3106 omitted

471 3119 507 3148 111
526 3118 582 3149 the
601 3118 797 3157 transcript.

1376 2811 1412 2842 in
1438 2811 1496 2842 the
1521 2811 1666 2851 original
1696 2811 1759 2842 roll
1791 2811 1860 2842 and
1885 2812 2069 2843 cancelled.
2116 2813 2147 2843 It
2175 2812 2204 2843 is

1377 2855 1521 2886 omitted
1534 2855 1678 2895 entirely
1689 2855 1725 2885 in
1738 2855 1797 2886 the
1810 2856 2005 2895 transcript.
2031 2860 2037 2872 ‘
2050 2856 2203 2895 Rogerus

1378 2899 1474 2930 Grim
1492 2899 1679 2930 messarius
1697 2899 1831 2930 abbatis
1856 2899 1896 2930 de
1919 2900 2033 2939 Burgo
2056 2900 2203 2931 traditus

1377 2943 1442 2973 fuit
1481 2943 1516 2973 in
1555 2942 1712 2974 custodia,
1751 2943 1908 2973 Gaufridi
1948 2943 2126 2974 Gilbewin⁷
2166 2946 2203 2974 ut

1378 2985 1557 3017 senescalli
1589 2986 1734 3022 abbatis,
1766 2986 1823 3025 qui
1856 2996 1925 3017 non
1963 2986 2086 3018 habuit
2124 2997 2202 3018 eum

1375 3039 1489 3061 coram
1516 3030 1736 3066 iusticiariis3
1763 3032 1795 3061 et
1827 3029 1902 3061 ideo
1931 3033 1981 3061 est
2008 3031 2043 3061 in
2072 3030 2200 3061 miseri-

1374 3073 1509 3110 cordia;
1535 3077 1567 3104 et
1585 3073 1710 3104 habeat
1735 3083 1812 3104 eum
1837 3074 1880 3106 ad
1905 3073 2011 3105 alium
2037 3074 2136 3111 diem,
2155 3075 2202 3106 ita

1373 3117 1569 3148 recordatur
1586 3118 1792 3148 comitatus²
