2421 3529
233 820 324 843 dimid
330 819 354 843 ia

235 860 337 877 maroa.

242 2637 276 2661 ad
294 2635 442 2660 iudicium.

463 268 525 313 52,
719 278 1024 313 sELEorroxs
1059 279 1197 313 FROM
1234 277 1337 312 ΤΠΕ
1374 279 1563 314 Fonnsr
1599 278 1737 313 ErnE
1774 279 1935 314 rioms

465 392 578 446 quod
611 406 699 433 non
723 392 871 434 debuit
904 392 955 432 de
979 391 1071 433 iure
1095 392 1197 433 dare
1220 392 1259 433 ei
1281 393 1455 446 aliquod
1474 391 1791 445 chiminagium
1815 406 1863 433 eo
1887 391 2000 445 quod
2025 390 2187 433 fraxini

464 476 572 515 quas
596 462 780 503 ducebat
802 463 1030 514 amputate
1053 464 1178 502 erant
1200 461 1249 502 in
1272 463 1392 503 curia
1416 476 1497 502 sua
1517 461 1695 515 propria
1717 461 1762 502 in
1784 461 1886 502 villa
1904 461 1955 502 de
1978 461 2190 514 Emping-

465 531 569 571 ham
598 545 678 583 que
703 532 767 572 est
791 532 912 571 extra
934 532 1075 571 metas
1098 531 1271 580 foreste,
1287 531 1401 572 idem
1425 531 1616 572 Thomas
1639 530 1859 571 maliciose
1880 530 2047 572 leuauit
2069 530 2191 571 vthe-

467 600 580 640 sium
604 614 734 653 super
751 599 896 652 ipsum
921 598 1169 640 Galfridum
1194 602 1236 642 et
1259 600 1480 641 distrinxit
1503 599 1648 653 ipsum
1672 613 1755 653 quo
1779 613 1915 652 usque
1938 599 2128 640 dedisset
2154 598 2193 639 ei

468 669 576 709 duos
593 668 750 710 solidos
766 670 808 710 et
824 668 1067 709 inuenisset
1090 669 1254 722 plegios
1269 668 1472 710 veniendi
1490 669 1544 710 ad
1563 669 1871 710 swanimotum
1887 671 1928 710 et
1952 683 2051 709 cum
2076 668 2193 709 idem

471 738 695 780 Galfridus
712 737 901 779 venisset
924 738 978 778 ad
1012 738 1320 780 swanimotum
1353 738 1576 792 predictus
1609 739 1766 780 Petrus
1799 738 1912 791 cepit
1939 751 2040 779 eum
2063 739 2105 779 et
2131 737 2193 778 in-

468 806 715 860 prisonauit
738 808 854 860 apud
876 807 1204 849 Athelalxeston'
1226 810 1267 849 et
1290 810 1440 861 postea
1458 807 1625 849 dimisit
1644 822 1744 849 eum
1767 821 1842 861 per
1860 807 1993 848 finem
2017 805 2195 847 dimidie

468 891 613 917 marce
636 891 767 930 quam
791 877 922 918 soluit
944 876 997 918 ei.
1061 877 1120 918 Et
1143 876 1245 930 quia
1268 877 1519 919 conuictum
1543 879 1607 918 est
1630 877 1744 930 quod
1764 877 1845 918 hoc
1863 878 2006 918 totum
2029 877 2194 917 factum

469 949 533 986 est
563 946 724 987 iniuste
761 949 803 987 et
841 948 994 987 contra
1027 946 1211 987 assisam
1246 947 1433 995 foreste;
1468 946 1565 987 ideo
1588 947 1642 987 ad
1673 945 1885 987 iudicium
1918 946 1970 987 de
2002 945 2196 999 predicto

469 1016 612 1057 Petro.
686 1016 745 1057 Et
768 1015 884 1056 idem
907 1016 1067 1057 Petrus
1097 1017 1358 1070 respondeat
1382 1016 1433 1057 de
1466 1016 1672 1057 denariis.
1734 1016 1795 1057 Et
1818 1015 1920 1069 qnia
1943 1014 2195 1056 conuictum

469 1087 534 1126 cst
572 1085 686 1138 quod
724 1085 945 1138 predictus
993 1085 1183 1126 Thomas
1236 1085 1492 1127 forestarius
1535 1086 1676 1126 multa
1718 1085 1911 1139 dampna
1954 1086 1997 1126 et
2038 1098 2195 1137 graues

469 1154 761 1195 extorsciones
804 1153 904 1194 fecit
945 1154 1201 1195 hominibus
1237 1155 1288 1196 de
1326 1155 1526 1208 partibus
1563 1154 1770 1208 predictis
1813 1158 1966 1195 contra
2008 1153 2194 1194 assisam

470 1224 628 1264 foreste
665 1225 707 1265 et
745 1225 897 1264 contra
940 1225 1137 1264 tenorem
1174 1226 1293 1265 carte
1336 1224 1387 1265 de
1424 1224 1704 1265 libertatibus
1742 1225 1914 1273 foreste,
1946 1223 2042 1264 ideo
2080 1222 2195 1263 idem

471 1293 661 1333 Thomas
685 1292 976 1334 committitur
998 1293 1173 1345 prisone
1206 1295 1247 1334 et
1280 1293 1426 1334 finiuit
1450 1293 1566 1334 alibi.
1629 1293 1689 1335 Et
1717 1296 1971 1347 preceptum
1994 1295 2059 1334 est
2083 1292 2196 1345 quod

473 1363 525 1403 de
548 1365 690 1403 cetero
724 1376 811 1403 non
836 1362 891 1403 sit
916 1361 1073 1415 aliquis
1107 1363 1364 1404 forestarius
1397 1363 1441 1403 in
1475 1363 1674 1416 partibus
1706 1362 1911 1416 predictis
1943 1361 2047 1404 necl
2083 1361 2198 1415 quod

471 1431 645 1485 aliquod
668 1431 984 1484 chiminagium
1009 1431 1207 1485 capiatur
1230 1432 1390 1473 ibidem
1414 1435 1567 1474 contra
1589 1435 1783 1474 tenorem
1808 1434 1925 1474 carte
1948 1432 2153 1486 predicte.

560 1500 821 1542 Conuictum
841 1503 905 1541 est
924 1501 1060 1541 eciam
1078 1501 1191 1553 quod
1210 1501 1401 1554 quinque
1418 1502 1636 1544 forestarii
1654 1503 1821 1556 pedites
1836 1502 2033 1543 videlicet
2049 1502 2134 1543 duo
2152 1501 2197 1542 in

471 1570 634 1611 balliua
649 1570 700 1611 de
715 1570 976 1611 Beaumund
992 1573 1033 1611 et
1052 1570 1136 1612 duo
1152 1570 1197 1611 in
1216 1571 1380 1613 balliua
1403 1572 1454 1612 de
1477 1572 1793 1614 Braunceston'
1816 1575 1858 1614 et
1877 1586 1988 1613 vnus
2006 1572 2052 1612 in
2067 1586 2198 1625 parco

472 1641 524 1682 de
542 1640 835 1693 Ridelington’
869 1642 911 1681 et
935 1654 1046 1681 vnus
1080 1641 1336 1682 forestarius
1359 1655 1489 1694 eques
1522 1655 1621 1682 cum
1645 1656 1730 1683 vno
1752 1642 1956 1695 garcione
1975 1642 2198 1683 sufficiunt

476 1711 530 1752 ad
555 1713 694 1751 totam
726 1710 935 1751 forestam
958 1709 1187 1751 Roteland’
1213 1710 1545 1752 custodiendam
1580 1714 1621 1752 et
1654 1711 1768 1765 quod
1802 1712 1949 1765 plures
1980 1711 2199 1753 forestarii

472 1794 561 1821 non
580 1780 737 1820 debent
762 1793 854 1820 esse
877 1778 922 1819 in
946 1780 1097 1820 eadem
1121 1793 1200 1820 nec
1223 1779 1468 1833 antiquitus
1491 1794 1583 1822 esse
1607 1783 1956 1830 consueuerunt3
1986 1781 2081 1822 ideo
2104 1795 2198 1834 pre-

472 1851 648 1902 ceptum
672 1851 736 1890 est
759 1849 872 1901 quod
905 1849 1100 1889 decetero
1124 1862 1211 1890 non
1233 1848 1321 1890 sint
1353 1848 1413 1889 ibi
1446 1850 1591 1903 plures
1619 1850 1837 1892 forestarii
1860 1865 1992 1903 quam
2015 1850 2200 1904 predicti

472 1918 664 1971 quinque
686 1917 852 1970 pedites
875 1919 916 1958 et
939 1931 1050 1958 Vnus
1073 1931 1202 1971 eques
1227 1920 1273 1959 ut
1296 1918 1541 1971 predictum
1564 1922 1643 1960 est.

561 1988 622 2028 Et
640 1986 741 2040 quia
759 1987 956 2040 prefatus
980 1987 1135 2028 Petrus
1159 1987 1322 2028 multos
1345 1987 1501 2029 habuit
1524 1989 1776 2030 forestarios
1800 1989 1880 2030 sub
1898 1988 1992 2043 ipso
2014 1989 2058 2029 in
2083 1989 2200 2030 dicta

475 2058 636 2098 foresta
674 2056 748 2109 qui
786 2056 1007 2097 habebant
1041 2056 1266 2109 garciones
1305 2057 1385 2098 sub
1421 2057 1481 2098 eis
1505 2058 1559 2099 ad
1582 2058 1825 2111 dampnum
1849 2060 1891 2099 et
1915 2073 2198 2112 superonera-

474 2127 643 2167 cionem
681 2126 820 2167 tocius
857 2125 1024 2179 patrie3
1071 2125 1167 2167 ideo
1202 2126 1257 2167 ad
1291 2126 1502 2167 iudicium
1538 2128 1589 2168 de
1625 2141 1686 2168 eo.
1749 2128 1810 2169 Et
1847 2130 2101 2181 preceptum
2133 2130 2199 2169 est

474 2195 589 2249 quod
623 2195 770 2236 nullus
807 2194 1060 2236 forestarius
1097 2195 1226 2248 pedes
1262 2196 1313 2236 de
1351 2198 1493 2237 cetero
1515 2197 1674 2238 habeat
1708 2197 1788 2238 sub
1820 2211 1864 2238 se
1897 2196 2121 2250 garciones
2153 2196 2198 2237 in

475 2267 650 2307 foresta.

564 2335 685 2375 idem
709 2334 865 2375 Petrus
890 2333 989 2375 fecit
1005 2334 1227 2387 quandam
1243 2334 1429 2388 gaiolam
1446 2335 1563 2389 apud
1580 2336 1907 2377 Athelakeston’
1924 2335 1968 2376 in
1987 2335 2200 2377 comitatu

475 2403 603 2457 Leyc'
640 2417 722 2456 que
752 2406 818 2444 est
852 2404 980 2457 plena
1019 2418 1132 2456 aqua
1167 2404 1211 2444 in
1248 2405 1382 2446 fundo
1417 2407 1458 2446 et
1493 2405 1537 2445 in
1561 2419 1693 2458 quam
1723 2406 1870 2459 plures
1896 2405 2098 2446 homines
2120 2405 2199 2446 im-

475 2473 722 2526 prisonauit
746 2487 853 2527 quos
868 2473 981 2526 cepit
1005 2473 1118 2514 iuste
1141 2476 1181 2513 et
1205 2473 1366 2515 iniuste
1389 2474 1613 2515 occasione
1636 2474 1796 2516 balliue
1821 2489 1896 2516 sue
1919 2474 1964 2514 in
1987 2474 2200 2516 comitatu

476 2542 705 2583 Roteland'
753 2545 795 2583 et
830 2543 992 2583 multos
1035 2556 1084 2583 ex
1122 2542 1182 2583 eis
1221 2543 1478 2585 deliberauit
1514 2557 1592 2597 pro
1631 2544 1858 2585 uoluntate
1897 2557 1976 2585 sua
2019 2546 2061 2585 ct
2108 2543 2201 2584 sine

476 2613 697 2659 warant03
722 2611 817 2653 ideo
840 2612 895 2653 ad
917 2611 1128 2652 iudicium
1152 2613 1203 2653 de
1226 2627 1274 2653 eo
1298 2616 1377 2654 etc.

566 2680 626 2720 Et
656 2680 757 2733 quia
796 2680 996 2722 similiter
1030 2681 1315 2722 testificatum
1349 2684 1414 2723 est
1446 2683 1561 2736 quod
1593 2696 1744 2724 omnes
1776 2682 1974 2736 prisones
2007 2682 2123 2736 capti
2154 2681 2200 2723 in

478 2749 690 2790 comitatu
713 2749 942 2790 Roteland'
968 2753 1059 2791 tam
1095 2751 1320 2792 occasione
1354 2752 1510 2792 foreste
1543 2766 1671 2805 quam
1708 2752 1827 2793 omni
1859 2752 1945 2794 alia
1976 2751 2200 2794 occasione

480 2818 638 2860 debent
661 2817 925 2871 inprisonari
949 2818 993 2859 in
1017 2821 1158 2860 castro
1192 2819 1242 2861 de
1276 2820 1447 2862 Okham
1481 2822 1522 2863 et
1554 2821 1668 2874 quod
1699 2820 1938 2863 vicecomes
1970 2821 2198 2863 Roteland’

1015 3175 1019 3193 '
1050 3174 1132 3207 This
1152 3175 1241 3207 word
1260 3175 1287 3207 is
1307 3176 1450 3209 omitted
1467 3176 1502 3208 in
1521 3176 1578 3209 the
1597 3177 1668 3210 MS.
