2421 3529
387 297 446 342 63
642 304 949 340 SELEcrroxs
984 303 1122 338 FRoM
1160 302 1262 337 THE
1299 302 1490 337 Fonusr
1526 301 1663 337 EYRE
1700 300 1860 336 ROLLS

383 421 436 462 de
459 419 587 461 viridi
609 420 651 460 et
668 419 900 460 venacione
923 431 1055 471 quam
1086 417 1137 458 de
1159 415 1343 457 minutis
1367 415 1543 469 placitis
1567 414 1768 457 tenendis
1786 416 1828 456 et
1845 414 2112 467 placitandis

384 503 467 543 que
490 489 647 530 debent
658 487 859 540 placitari
873 487 917 527 in
932 485 1305 534 attacliiamentiS,
1316 487 1360 526 vt
1376 485 1427 526 de
1443 485 1527 525 hiis
1552 499 1634 538 que
1650 484 1834 525 inferius
1851 486 2113 537 tanguntur.

384 560 445 600 Et
478 558 591 612 quod
624 570 776 598 omnes
809 555 1004 597 viridarii
1037 555 1233 596 decetero
1267 554 1564 606 respondeam]
1597 567 1745 594 coram
1777 552 2033 594 iusticiariis
2065 554 2112 596 in

385 630 543 670 itinere
579 642 654 682 per
686 640 823 668 vnum
855 626 1050 667 rotulum
1084 625 1136 665 de
1168 623 1298 665 viridi
1331 625 1373 664 et
1405 623 1645 664 venacione
1663 638 1671 672 ;
1727 625 1769 664 61
1801 636 1890 663 11011
1933 624 2115 676 (1111111161

386 712 462 752 per
518 711 562 738 se
618 696 778 737 habeat
839 696 1005 737 rotulos
1058 694 1109 735 de
1162 692 1348 734 diuersis
1401 692 1580 734 balliuis
1631 692 1915 746 proferendos
1967 706 2114 735 coram

387 766 655 808 iusticiariis.

476 839 517 877 2.
551 836 663 877 Item
687 834 915 889 prouisum
939 836 1004 875 est
1037 833 1151 886 quod
1174 846 1327 874 omnes
1350 831 1563 872 dominici
1595 831 1713 873 bosci
1737 830 1904 872 domini
1935 831 2050 885 regis
2073 835 2115 874 et

387 906 501 959 haye
524 907 566 947 et
589 904 710 959 parci
743 904 811 945 sui
848 904 1045 945 decetero
1083 902 1143 943 616
1178 901 1488 943 custodiantur
1524 901 1576 942 de
1610 899 1752 950 viridi,
1789 901 1902 954 quod
1941 901 1977 942 si
2019 902 2116 955 quis

387 989 573 1017 manens
615 974 730 1015 infra
774 974 983 1014 forestam
1019 974 1173 1025 captus
1208 971 1340 1012 fuerit
1377 970 1422 1010 in
1457 970 1622 1011 eisdem
1658 972 1896 1023 amputans
1933 970 2116 1012 viridem

387 1058 596 1099 quercum
633 1058 709 1098 per
744 1046 924 1091 terram,
959 1041 1232 1083 attacliiatur
1265 1040 1472 1081 veniendi
1511 1040 1566 1081 ad
1608 1040 1855 1093 proximum
1899 1041 2113 1082 attachia-

388 1118 589 1156 mentum
613 1116 654 1155 et
677 1113 736 1153 ibi
768 1112 964 1153 inueniet
997 1111 1261 1152 sufficientes
1284 1110 1448 1164 plegios
1472 1123 1606 1163 vsque
1629 1109 1876 1163 proximum
1900 1110 1994 1151 iter.
2057 1111 2117 1151 Et

387 1197 637 1236 manuopus
671 1182 821 1224 statim
855 1180 1130 1235 apprecietur
1163 1194 1239 1233 per
1272 1179 1527 1221 forestarios
1560 1181 1602 1220 et
1634 1179 1864 1220 viridarios
1897 1182 1939 1220 et
1962 1180 2116 1221 reddat

387 1253 583 1307 precium
615 1251 833 1293 viridariis
867 1251 912 1291 in
944 1251 1072 1304 pleno
1115 1249 1463 1290 attachiamento
1497 1248 1673 1302 quando
1715 1248 1911 1290 inueniet
1952 1249 2116 1302 plegios

387 1337 521 1376 vsque
544 1322 639 1363 iter.
701 1322 761 1362 Et
784 1321 820 1361 si
842 1321 957 1361 idem
981 1319 1088 1361 alias
1111 1319 1321 1360 inuentus
1345 1318 1478 1360 fuerit
1501 1331 1601 1358 cum
1634 1317 1851 1359 consimili
1873 1321 2116 1371 transgres-

389 1392 508 1433 610116
540 1391 668 1432 viridi
700 1391 743 1431 in
777 1389 1006 1432 dominicis
1039 1389 1179 1430 boscis
1210 1389 1278 1430 161
1309 1388 1422 1429 haiis
1454 1388 1532 1429 fiat
1555 1387 1607 1428 de
1630 1401 1678 1429 eo
1710 1389 1756 1428 11
1788 1387 1923 1440 prius.
1986 1388 2047 1429 Et
2081 1388 2117 1429 si

388 1461 521 1502 tercio
543 1461 798 1502 inueniatur
831 1474 931 1501 cum
964 1458 1219 1500 huiusmodi
1251 1457 1602 1510 transgressione
1635 1457 1680 1497 in
1713 1457 1943 1498 dominicis
1975 1457 2116 1499 boscis

388 1531 456 1572 161
486 1531 600 1572 haiis
624 1530 825 1584 capiatur
848 1532 890 1571 et
925 1529 1102 1583 prisone
1125 1528 1293 1569 domini
1315 1527 1429 1581 regis
1452 1527 1674 1581 Notyngh’
1699 1527 1822 1568 saluo
1844 1528 2117 1569 custodiatur

388 1615 614 1655 quousque
657 1600 919 1641 deliberetur
951 1612 1027 1653 per
1061 1598 1246 1652 speciale
1282 1597 1546 1639 mandatum
1585 1596 1752 1638 domini
1781 1596 1895 1650 regis
1926 1598 1994 1638 vel
2026 1597 2118 1639 eius

388 1671 618 1713 iusticiarii
641 1671 692 1712 de
708 1669 720 1692 ¹
746 1671 921 1711 foresta.

480 1743 519 1782 3.
553 1741 665 1782 Item
708 1739 936 1793 prouisum
979 1741 1045 1780 est
1088 1737 1202 1791 quod
1245 1736 1281 1778 si
1323 1736 1479 1790 aliquis
1522 1750 1708 1778 manens
1746 1737 1868 1778 extra
1909 1737 2119 1778 forestam

390 1811 600 1851 inuentus
624 1809 755 1850 fuerit
778 1823 878 1850 cum
902 1808 1050 1861 aliqua
1072 1806 1422 1860 transgressione
1439 1806 1567 1847 viridi
1581 1806 1697 1847 infra
1712 1805 1951 1847 dominicos
1970 1806 2120 1847 boscos

392 1879 558 1921 domini
580 1879 693 1933 regis
719 1879 786 1920 vel
821 1878 959 1931 bayas
994 1877 1146 1918 statim
1172 1889 1423 1929 manuopus
1459 1875 1735 1929 apprecietur
1763 1877 1809 1916 vt
1842 1875 2043 1928 superius
2076 1878 2118 1917 et

392 1963 548 2003 corpus
572 1963 702 1990 suum
725 1947 1030 1989 committatur
1048 1946 1223 2000 prisone
1246 1959 1469 1999 quousque
1487 1945 1748 1986 deliberetur
1763 1958 1839 1997 per
1856 1944 2118 1986 mandatum

391 2019 506 2073 regis
528 2019 596 2060 161
627 2017 857 2059 iusticiarii
890 2017 1063 2058 foreste.
1125 2016 1186 2057 Et
1218 2015 1255 2056 si
1287 2015 1477 2056 secundo
1500 2014 1709 2055 inuentus
1733 2014 1863 2055 fuerit
1885 2014 1931 2054 in
1954 2014 2117 2055 eisdem

392 2088 534 2130 boscis
555 2088 622 2129 161
644 2087 758 2129 haiis
780 2086 858 2128 fiat
880 2086 931 2128 de
954 2100 1003 2128 eo
1025 2088 1071 2128 vt
1093 2085 1231 2138 prius.
1293 2085 1353 2126 Et
1377 2084 1413 2126 si
1445 2084 1578 2126 tercio
1601 2084 1828 2125 ammittat
1861 2097 1993 2137 equos
2017 2097 2118 2124 cum

394 2160 559 2199 caretta
581 2157 649 2199 161
671 2157 803 2198 1101166
827 2170 927 2197 cum
950 2169 1089 2205 carra,
1113 2155 1180 2196 161
1202 2154 1400 2208 precium
1424 2154 1663 2195 eorundem
1684 2168 1692 2202 3
1728 2155 1771 2194 et
1793 2153 1901 2194 illud
1923 2153 2119 2206 precium

394 2227 439 2267 in
472 2226 668 2280 proximo
706 2228 748 2267 et
785 2225 913 2278 pleno
952 2223 1300 2265 attachiamento
1333 2223 1542 2265 liberetur
1576 2223 1795 2265 viridariis
1829 2223 1896 2264 vel
1933 2225 2121 2276 quatuor

394 2297 555 2338 villatis
586 2294 971 2349 propinquioribus
1003 2293 1058 2335 ad
1091 2306 1199 2347 opus
1232 2293 1398 2334 domini
1430 2293 1556 2346 regis,
1589 2295 1635 2334 11
1668 2293 1759 2346 11166
1791 2292 2024 2334 viridarius
2055 2292 2123 2333 161

395 2366 575 2408 1161·6(166
599 2365 666 2407 6111
687 2365 754 2407 161
776 2364 925 2406 villate
957 2362 1253 2417 respondeant
1285 2362 1463 2404 domino
1496 2362 1587 2416 regi
1619 2376 1767 2404 coram
1790 2361 2043 2403 iusticiariis
2076 2361 2121 2402 in

395 2435 566 2477 itinere.

485 2507 525 2546 4.
560 2505 672 2546 Item
704 2503 932 2558 prouisum
971 2504 1036 2544 est
1071 2515 1149 2555 pro
1171 2501 1257 2543 hiis
1291 2501 1365 2554 qui
1402 2504 1585 2543 manent
1608 2501 1725 2544 infra
1748 2503 1970 2551 forestam,
2005 2501 2120 2555 quod

396 2590 496 2618 cum
519 2575 635 2628 capti
657 2574 821 2615 fuerint
855 2573 901 2613 in
939 2571 1168 2614 dominicis
1202 2571 1343 2612 boscis
1377 2571 1544 2612 domini
1581 2571 1694 2624 regis
1728 2572 1794 2613 vel
1830 2571 1944 2612 haiis
1966 2584 2119 2624 ampu-

396 2648 542 2687 tantes
579 2644 812 2692 bletrones,
836 2641 1071 2683 branchias
1093 2641 1160 2682 161
1190 2641 1353 2681 siccum
1387 2640 1437 2681 de
1470 2642 1715 2693 quercubus
1738 2641 1805 2682 vel
1828 2641 2031 2693 querulos
2053 2640 2120 2681 161

398 2715 592 2768 spinetas
614 2713 681 2753 vel
704 2712 836 2754 telam
859 2712 925 2752 161
949 2711 1122 2752 alneam
1145 2710 1212 2751 161
1245 2710 1431 2750 hussum
1454 2710 1521 2751 161
1552 2710 1807 2751 huiusmodi
1828 2710 2004 2751 arbores
2029 2709 2120 2750 61116

396 2785 592 2825 waranto
615 2781 914 2823 attachientur
946 2794 1022 2834 per
1055 2779 1164 2821 duos
1196 2779 1333 2820 bonos
1365 2779 1528 2832 plegios
1561 2779 1764 2820 veniendi
1797 2778 1851 2820 ad
1872 2778 2120 2832 proximum

397 2852 796 2895 attachiamentum
839 2850 939 2891 inde
991 2848 1271 2902 responsuri3
1327 2851 1369 2890 61
1420 2848 1480 2889 ibi
1532 2848 1826 2890 amercientur
1879 2847 2120 2889 secundum

397 2921 694 2976 quantitatem
736 2918 1100 2972 transgressionis
1143 2931 1219 2958 sue
1256 2931 1402 2959 coram
1436 2918 1673 2959 senescallo
1711 2920 1753 2959 61
1794 2916 2038 2966 viridariis3
2083 2919 2125 2958 et

742 3137 749 3154 ¹
777 3135 861 3166 This
880 3134 947 3167 and
965 3134 1023 3167 the
1041 3135 1215 3176 following
1232 3135 1322 3168 word
1340 3145 1396 3168 are
1414 3135 1573 3176 repeated
1591 3135 1626 3166 in
1644 3134 1702 3167 1116
1720 3135 1791 3166 MS.
