2421 3529
506 279 566 325 98
961 288 1146 324 SELECT
1181 288 1371 323 FOREST
1408 289 1759 332 INQUISITIONS

505 415 698 452 noscere,
722 404 765 444 et
785 399 882 443 ideo
905 400 1128 443 commissi
1161 401 1339 443 fuerunt
1371 401 1416 442 in
1449 402 1632 444 ballium
1655 402 1736 445 toti
1768 402 1916 445 villate
1947 404 1998 446 de
2025 404 2231 458 Suburg',

507 485 589 526 que
612 484 683 514 eos
706 470 959 525 manucepit
980 470 1281 525 producendos
1304 470 1464 525 ubique
1486 471 1541 513 ad
1562 485 1715 526 pacem
1738 471 1905 514 domini
1926 473 2055 527 regis.

591 693 812 737 Dominus
835 693 1054 734 Iohannes
1077 691 1129 733 de
1151 691 1429 744 Lessington'
1454 691 1664 734 transiuit
1695 706 1771 746 per
1803 692 1995 734 mediam
2023 693 2229 734 forestam

507 762 558 804 de
581 761 860 815 Rokingham
882 760 950 803 die
971 761 978 783 ¹
1005 760 1186 802 Veneris
1208 760 1325 802 infra
1347 761 1634 802 Pentecosten
1657 775 1774 802 anno
1797 761 1961 810 eodem,
1985 763 2026 802 et
2049 761 2162 815 cepit
2185 761 2231 802 in

507 845 556 873 ea
580 832 688 873 duos
711 831 863 873 damos
886 832 927 872 et
945 844 1083 871 unum
1106 829 1356 872 brokettum
1379 829 1513 871 dami.

596 966 815 1008 Henricus
838 966 889 1008 de
912 966 1061 1008 Monte
1084 966 1185 1008 forti
1208 966 1253 1006 in
1277 965 1422 1019 vigilia
1440 966 1454 988 2
1477 967 1627 1007 sancte
1649 965 1900 1020 Margarete
1933 979 2049 1008 anno
2081 966 2231 1007 eodem

508 1036 620 1091 cepit
642 1050 774 1078 vnam
797 1036 974 1077 damam
997 1049 1097 1077 cum
1129 1035 1356 1090 leporariis
1380 1035 1470 1077 suis
1494 1038 1535 1077 et
1558 1049 1695 1077 vnum
1718 1036 1967 1078 brokettum
1991 1035 2108 1077 darni
2131 1049 2231 1077 cum

507 1107 633 1149 bersa
655 1106 700 1147 in
723 1105 875 1148 eadem
900 1106 1074 1148 foresta.

594 1239 676 1281 Per
698 1239 888 1288 breue33
910 1240 998 1280 tres
1021 1238 1188 1279 damos.
1250 1238 1468 1279 Dominus
1492 1237 1614 1279 Elias
1646 1238 1699 1279 de
1730 1237 1915 1292 Rabayn
1948 1237 2061 1291 cepit
2094 1251 2231 1279 vnum

504 1307 685 1349 damum
708 1308 753 1348 in
779 1321 910 1361 parco
945 1307 996 1349 de
1030 1307 1248 1349 Brixstok'
1282 1307 1350 1348 die
1365 1308 1378 1329 ⁴
1414 1307 1534 1348 Iouis
1572 1310 1669 1360 post
1706 1306 2054 1349 Decollacioneni
2089 1305 2231 1347 sancti

505 1376 718 1418 Iohannis
741 1376 943 1430 Baptiste
966 1389 1082 1418 anno
1105 1376 1272 1417 eodem.

592 1445 715 1487 Idem
737 1445 861 1487 Elias
895 1445 1009 1499 cepit
1043 1445 1194 1487 eodem
1219 1444 1287 1487 die
1316 1443 1362 1485 in
1385 1444 1536 1486 eodem
1558 1457 1690 1498 parco
1722 1458 1858 1486 vnum
1890 1444 2141 1486 brokettum
2179 1443 2231 1484 de

505 1527 649 1556 ceruo.

592 1583 714 1625 Idem
736 1582 860 1625 Elias
883 1582 996 1637 cepit
1018 1597 1155 1625 vnum
1178 1597 1359 1625 ceruum
1381 1583 1499 1636 apud
1525 1581 1748 1625 Hassokes
1772 1581 1841 1624 die
1855 1583 1869 1604 ⁵
1891 1582 2011 1624 Iouis
2033 1581 2232 1636 proxima

504 1654 606 1693 ante
628 1652 789 1694 festum
813 1652 955 1694 sancti
978 1652 1207 1694 Michaelis
1230 1666 1347 1694 anno
1369 1652 1536 1694 eodem.

591 1721 714 1763 Idem
735 1721 859 1764 Elias
882 1721 994 1775 cepit
1015 1735 1152 1764 vnum
1176 1735 1359 1763 zourum
1382 1720 1502 1763 dami
1524 1720 1569 1762 in
1593 1720 1770 1763 Gatesle
1793 1720 1943 1762 eodem
1967 1719 2051 1762 die.

590 1845 806 1887 Dominus
844 1845 1069 1888 Galfridus
1103 1845 1154 1887 de
1184 1845 1366 1899 Langel'
1403 1845 1504 1887 fecit
1539 1858 1693 1898 capere
1730 1858 1831 1886 cum
1878 1846 1999 1886 mota
2051 1858 2131 1887 sua
2183 1844 2228 1885 in

499 1913 763 1968 pinguedine
804 1928 921 1956 anno
963 1914 1113 1956 eodem
1158 1914 1213 1956 ad
1257 1914 1498 1956 lardarium
1546 1913 1713 1955 domini
1748 1913 1862 1966 regis
1898 1913 1944 1955 in
1981 1913 2142 1955 foresta
2177 1913 2228 1955 de

501 1982 780 2037 Rokingham
802 1983 985 2037 triginta
1007 1986 1049 2025 et
1071 1986 1259 2037 quatuor
1282 1983 1435 2025 damos
1457 1984 1499 2024 et
1521 1996 1659 2024 vnum
1682 1996 1866 2024 zourum
1889 1981 2020 2023 cerui.

588 2106 807 2149 Henricus
830 2107 882 2149 de
903 2107 1053 2148 Monte
1076 2106 1179 2148 forti
1201 2106 1313 2160 cepit
1335 2120 1470 2148 vnum
1486 2106 1737 2148 brokettum
1753 2105 1872 2147 dami
1889 2120 1988 2147 cum
2003 2105 2228 2160 leporariis

498 2176 590 2217 suis
627 2175 673 2216 in
706 2176 855 2230 vigilia
875 2177 889 2199 ‘³
917 2175 1059 2218 sancti
1091 2176 1210 2218 Luce
1241 2175 1537 2229 Ewangeliste
1570 2189 1688 2217 anno
1720 2175 1871 2217 eodem
1903 2174 1948 2215 in
1982 2174 2143 2217 foresta
2177 2174 2228 2216 de

500 2244 792 2298 Rokingham.

588 2380 602 2405 ⁷
617 2379 853 2434 Inquisicio
872 2381 987 2422 facta
1004 2379 1121 2434 apud
1139 2379 1357 2421 Rotewell'
1378 2378 1446 2420 die
1461 2380 1476 2403 ⁸
1490 2378 1723 2420 Dominica
1737 2377 1935 2432 proxima
1951 2380 2049 2432 post
2068 2379 2228 2421 festum

502 2450 642 2492 sancti
664 2449 891 2491 Michaelis
923 2462 1040 2490 anno
1071 2449 1221 2490 eodem
1255 2462 1385 2502 super
1407 2448 1659 2502 capcionem
1691 2448 1820 2489 Vnius
1842 2447 1962 2489 cerui
1983 2447 2100 2501 capti
2113 2447 2228 2489 inter

502 2520 679 2561 boscum
704 2519 755 2560 de
778 2519 950 2560 Rowell’
975 2519 1018 2560 et
1050 2518 1231 2560 boscum
1255 2518 1307 2559 de
1339 2517 1510 2559 Biston’
1537 2518 1605 2559 die
1621 2517 1636 2540 ⁹
1660 2516 1919 2559 Natiuitatis
1942 2517 2066 2558 beate
2088 2516 2228 2558 Marie

503 2602 620 2631 anno
667 2588 817 2630 eodem
859 2601 935 2641 per
976 2587 1149 2629 villatas
1193 2586 1477 2640 subscriptas,
1520 2586 1697 2637 scilicet,
1730 2586 2009 2639 Deresburg’,
2041 2585 2226 2635 Riston’,

503 2657 726 2706 Clendon',
750 2656 941 2706 Rowell’‚
967 2656 1081 2709 Torp
1105 2655 1185 2696 sub
1208 2655 1336 2697 bosco
1358 2657 1400 2696 et
1423 2655 1651 2697 Neubotle.

590 2725 866 2778 Deresburg’,
901 2724 1060 2774 iurata,
1099 2724 1204 2766 dicit
1237 2737 1313 2777 per
1348 2726 1675 2765 sacramentum
1713 2737 1843 2765 suum
1875 2722 1989 2777 quod
2024 2722 2228 2764 dominus

502 2795 554 2837 R.
580 2795 632 2836 de
655 2794 794 2843 Clare,
819 2807 963 2835 comes
987 2793 1212 2844 Glouern',
1233 2793 1316 2834 fuit
1339 2793 1456 2847 apud
1478 2793 1653 2835 Rowell’
1677 2793 1873 2846 predicto
1897 2792 1964 2833 die
1983 2791 2228 2833 Natiuitate

503 2865 628 2906 beate
650 2863 789 2905 Marie
811 2864 853 2904 et
875 2864 972 2916 post
994 2863 1232 2916 prandium
1264 2861 1346 2903 iuit
1370 2861 1424 2903 ad
1446 2862 1627 2903 boscum
1660 2874 1789 2903 suum
1823 2861 1874 2902 de
1905 2860 2152 2902 Miclewode
2185 2860 2227 2901 et

551 2970 557 2988 ¹
585 2970 604 3001 9
622 2969 711 2999 June
730 2968 826 2998 1251.
1445 2966 1454 2983 ⁴
1479 2966 1519 2996 31
1538 2965 1670 3005 August
1689 2966 1785 2996 1251.

549 3014 560 3031 ²
583 3010 810 3050 Wednesday,
831 3011 870 3042 19
888 3009 968 3049 ,July
986 3010 1083 3040 1251.
1442 3011 1454 3027 ⁵
1478 3010 1520 3039 28
1538 3009 1740 3048 September
1758 3009 1854 3039 1251.

545 3058 557 3075 ³
581 3057 632 3095 By
648 3055 765 3086 letters
782 3055 873 3085 close
891 3053 991 3084 dated
1016 3054 1057 3083 28
1082 3054 1214 3092 August
1234 3053 1329 3089 1251,
1442 3054 1454 3071 ⁶
1479 3052 1649 3091 Tuesday‚
1670 3053 1710 3084 17
1729 3051 1876 3084 October
1895 3052 1992 3082 1251.

504 3100 572 3132 and
587 3098 769 3130 addressed
780 3101 814 3128 to
831 3097 890 3128 the
908 3096 1044 3128 warden
1061 3098 1095 3127 of
1110 3097 1167 3127 the
1179 3097 1284 3127 forest
1295 3097 1329 3127 of
1442 3099 1452 3113 ⁷
1479 3097 1540 3127 See
1558 3106 1590 3135 p.
1609 3097 1650 3126 34
1668 3095 1784 3126 above.

503 3143 730 3181 Gedfflngton,
748 3141 806 3172 the
830 3141 912 3179 king
936 3140 1078 3179 granted
1103 3140 1200 3170 three
1225 3140 1329 3170 bucks
1443 3141 1454 3157 Β
1481 3141 1498 3170 1
1517 3139 1664 3170 October
1683 3140 1779 3168 1251.

501 3192 536 3221 to
553 3188 649 3218 Elias
666 3185 706 3216 <le
723 3185 866 3216 Rabain.
915 3184 1025 3225 (Close
1042 3183 1118 3215 Roll
1137 3185 1188 3221 65,
1206 3194 1251 3214 m.
1270 3185 1312 3224 5.)
1443 3186 1453 3200 ⁹
1478 3186 1496 3214 S
1516 3182 1714 3222 September
1734 3183 1828 3212 1251.
