2421 3529
448 280 508 324 94
904 285 1092 321 SELEcT
1127 285 1319 320 FoREsT
1356 283 1710 327 morism‘ioxs

1212 568 1299 609 xn
1335 567 1425 619 (b>.¹

446 694 906 754 [INQUISICIONES
958 693 1036 735 DE
1079 692 1418 735 UENACIONE
1463 691 1524 732 IN
1568 690 1836 733 FORESTA
1877 690 1956 731 DE
2001 690 2174 733 ROCK-

582 765 822 809 INGHAM
865 763 1144 806 TEMPORE
1192 761 1456 804 HUGONIS
1498 761 1577 802 DE
1623 760 2057 816 GOLDINGHAM]

535 905 731 948 ²Accidit
766 904 863 947 die3
895 903 1014 946 Iouis
1051 903 1097 944 in
1135 901 1283 956 vigilia
1318 903 1572 943 sanctorum
1610 898 1798 941 Fabiani
1835 901 1877 941 et
1927 898 2176 941 Sebastiani

447 989 564 1017 anno
586 974 711 1028 regni
732 973 845 1027 regis
868 972 1052 1014 Henrici
1075 971 1297 1014 tricesimo
1329 970 1483 1024 quinto
1518 968 1632 1023 quod
1667 982 1767 1009 cum
1802 967 2028 1011 Galfridus
2061 968 2174 1021 Hog,

446 1045 667 1086 Iohannes
689 1044 781 1093 Iue,
810 1041 1028 1084 forestarii
1051 1040 1218 1083 domini
1250 1040 1364 1093 regis
1396 1039 1563 1093 pedites
1595 1038 1647 1080 de
1684 1051 1815 1091 parco
1849 1037 1900 1078 de
1937 1037 2172 1086 Brixstok',

445 1113 632 1155 iuissent
654 1113 701 1154 in
722 1126 854 1166 parco
877 1111 1028 1154 eodem
1061 1110 1328 1151 inuenerunt
1351 1122 1483 1150 vnam
1516 1112 1721 1161 trappam
1754 1106 1982 1148 tendatam
2005 1106 2050 1147 in
2073 1106 2173 1147 Ald-

448 1182 745 1232 natheshawe,
770 1183 812 1223 et
845 1180 1081 1222 audierunt
1113 1192 1250 1220 vnum
1287 1178 1512 1219 hominem
1551 1178 1773 1218 secantem
1810 1176 1856 1216 in
1895 1189 2025 1229 parco
2059 1175 2175 1216 infra

446 1254 620 1293 noctem
644 1252 685 1292 et
707 1252 885 1304 propter
908 1248 1241 1303 spissitudinem
1274 1246 1392 1288 bosci
1414 1249 1456 1288 et
1488 1245 1802 1288 obscuritatem
1833 1244 1974 1286 noctis
1996 1244 2052 1286 ad
2074 1258 2175 1286 eum

447 1320 594 1363 venire
635 1333 724 1361 non
758 1319 1013 1373 potuerunt.
1075 1317 1137 1359 Et
1173 1318 1351 1370 propter
1396 1314 1722 1369 suspeccionem
1757 1328 1890 1368 quam
1923 1314 2175 1355 habuerunt

445 1403 598 1431 versus
630 1388 871 1430 Robertum
908 1388 947 1429 le
970 1386 1105 1428 Noble
1143 1386 1195 1427 de
1220 1385 1423 1437 Suburg',
1447 1384 1736 1437 capellanum,
1760 1383 1958 1425 exierunt
1995 1382 2175 1423 boscum

447 1472 602 1500 uersus
648 1456 835 1510 Suburg’
877 1456 931 1498 ad
966 1455 1270 1497 insidiandum
1308 1453 1344 1495 si
1381 1453 1538 1506 aliquis
1577 1451 1733 1494 exisset
1771 1452 1823 1493 (16
1859 1452 1987 1493 bosco
2021 1465 2176 1493 uersus

446 1527 622 1577 villam3
658 1526 719 1568 ita
752 1526 866 1580 quod
898 1525 1193 1567 obuiauerunt
1226 1523 1341 1565 dicto
1377 1522 1565 1564 Roberto
1599 1522 1822 1575 capellano
1857 1520 1932 1574 qui
1968 1520 2086 1563 venit
2124 1521 2176 1562 de

446 1598 575 1639 bosco
598 1599 641 1639 et
664 1597 766 1638 tulit
788 1610 921 1638 vnam
944 1593 1205 1637 branchiam
1238 1594 1289 1635 de
1312 1592 1442 1634 viridi
1473 1605 1649 1646 quercu,
1674 1593 1717 1633 et
1739 1605 1871 1632 Vnam
1893 1590 2098 1632 hachiam
2129 1590 2175 1631 in

447 1680 583 1708 manu
608 1679 700 1707 sua.
762 1663 1003 1707 Forestarii
1036 1677 1140 1705 uero
1175 1662 1406 1716 exigebant
1444 1661 1498 1703 ab
1532 1675 1581 1702 eo
1603 1660 1783 1702 vadium
1815 1662 1858 1702 et
1880 1659 2099 1714 plegium3
2133 1661 2175 1701 et

447 1735 539 1789 ipse
561 1749 650 1777 non
672 1734 817 1789 potuit
840 1733 901 1775 eis
923 1732 1088 1788 plegios
1111 1732 1327 1781 inuenire,
1352 1731 1415 1773 ita
1438 1731 1551 1784 quod
1575 1744 1675 1772 eum
1708 1730 1926 1772 duxerunt
1949 1729 2004 1771 ad
2026 1729 2176 1771 villam

448 1806 499 1847 de
521 1804 738 1846 Brixstok’
764 1803 819 1845 ad
843 1803 1023 1846 domum
1045 1802 1227 1844 Roberti
1248 1802 1288 1843 16
1310 1802 1379 1842 Ν.4
1415 1833 1423 1842 .
1461 1833 1470 1842 .
1507 1832 1516 1842 .

537 1874 669 1915 Mane
704 1905 712 1914 .
749 1905 758 1914 .
795 1905 804 1914 .
839 1871 1058 1914 forestarii
1090 1875 1132 1913 et
1164 1869 1362 1913 viridarii
1395 1868 1575 1911 iuerunt
1598 1868 1653 1911 ad
1683 1868 1863 1910 domum
1901 1881 2026 1910 suam
2060 1867 2177 1921 apud

452 1944 639 1997 Suburg'
674 1943 728 1985 ad
762 1942 981 1984 cerchiam
1020 1940 1267 1983 faciendam
1302 1939 1365 1981 ita
1400 1939 1513 1993 quod
1547 1939 1815 1980 inuenerunt
1848 1938 1965 1980 infra
1999 1938 2178 1979 domum

450 2028 577 2055 suam
601 2013 710 2054 duas
735 2012 918 2066 sagittas
941 2011 1150 2052 barbatas
1173 2009 1266 2052 sine
1289 2008 1410 2051 fieck’
1436 2010 1478 2050 et
1510 2008 1678 2062 cleyam
1711 2008 1762 2049 de
1795 2007 1985 2061 quadam
2021 2009 2179 2060 trappa

450 2097 550 2124 cum
593 2082 722 2124 corda
765 2084 919 2135 trappe
972 2080 1111 2121 fracta
1153 2079 1198 2120 in
1251 2079 1360 2120 duas
1402 2079 1549 2132 partes
1593 2091 1722 2131 super
1766 2090 1896 2130 quam
1940 2075 2023 2117 fuit
2064 2076 2179 2129 pilus

450 2151 659 2193 bestialis.

540 2220 710 2263 Catalla
746 2219 907 2260 ibidem
945 2218 1129 2259 inuenta
1166 2217 1360 2271 preciata
1395 2216 1590 2266 fuerunt,
1631 2215 1807 2265 scilicet,
1832 2229 1946 2256 Vnus
1985 2214 2178 2256 busellus

451 2289 663 2331 frumenti
685 2289 736 2330 de
759 2288 903 2342 precio
926 2287 1117 2341 quinque
1141 2286 1436 2335 denariorum,
1460 2299 1573 2327 vnus
1591 2284 1809 2326 bussellus
1826 2283 1940 2326 fabri
1963 2284 2014 2325 de
2037 2283 2180 2337 precio

451 2359 587 2402 trium
606 2357 901 2406 denariorum,
918 2356 1127 2398 dimidius
1141 2356 1360 2397 bussellus
1378 2368 1517 2397 auene
1532 2353 1665 2408 precii
1680 2354 1867 2396 duorum
1883 2352 2177 2402 denariorum,

451 2443 537 2470 vna
559 2427 716 2482 cophia
739 2440 838 2468 cum
862 2426 992 2467 discis
1015 2425 1157 2479 ciphis
1180 2427 1223 2466 et
1246 2424 1441 2466 salsariis
1463 2423 1598 2478 precii
1620 2423 1848 2465 duodecim
1882 2423 2177 2472 denariorum,

450 2511 538 2539 vna
560 2511 671 2550 equa
692 2495 827 2550 precii
849 2498 945 2537 octo
964 2494 1260 2544 denariorum,
1283 2494 1408 2534 renn'
1433 2493 1594 2535 ibidem
1611 2492 1778 2534 inuent’
1794 2491 1927 2546 precii
1950 2491 2176 2534 duodecim

452 2566 746 2615 denariorum,
797 2565 930 2606 busca
982 2564 1161 2605 inventa
1203 2563 1248 2604 in
1291 2562 1412 2605 curia
1454 2576 1548 2613 sua,
1591 2561 1724 2616 precii
1766 2576 1838 2604 sex
1881 2560 2175 2603 denariorum.

455 2636 639 2679 Summa
662 2638 848 2689 quatuor
872 2634 1010 2676 solidi.

540 2705 633 2746 Hec
654 2704 848 2758 predicta
870 2703 1028 2745 catalla
1051 2705 1178 2757 capta
1201 2702 1246 2743 in
1278 2716 1415 2744 manu
1450 2700 1618 2743 domini
1652 2700 1765 2755 regis
1800 2699 1965 2742 tradita
2000 2700 2178 2741 fuerunt

453 2776 640 2828 quatuor
662 2773 914 2815 hominibus
928 2774 942 2795 5
965 2772 1016 2813 (16
1039 2772 1141 2813 villa
1164 2771 1215 2812 de
1241 2771 1414 2823 Suburg
1433 2770 1596 2812 scilicet
1613 2770 1830 2813 Willelmo
1844 2769 1933 2811 filio
1950 2767 2178 2817 Osmundi‚

454 2844 642 2886 Roberto
666 2844 781 2896 Page
804 2841 1038 2896 preposito,
1056 2840 1247 2882 Henrico
1265 2840 1353 2882 filio
1371 2840 1577 2882 Willelmi
1595 2840 1756 2894 Dolfyn
1779 2843 1821 2881 et
1844 2837 2106 2881 Goschelino
2129 2837 2181 2878 de

501 2969 505 2985 ¹
534 2968 653 2998 Forest
680 2966 913 3006 Procecdiuqs,
953 2966 1125 3005 Treasm'gs
1157 2966 1194 3000 of
1224 2965 1284 2996 Re-
1358 2966 1392 2995 01
1432 2965 1527 2996 1116111
1560 2965 1691 2996 rernain
1724 2967 1759 2995 to
1790 2963 1890 2995 make
1926 2962 1951 2993 it
1984 2961 2073 2992 clear
2105 2960 2181 2992 that

454 3012 552 3052 ceipt,
571 3012 632 3042 No⁴
651 3012 702 3042 65.
1172 3000 1179 3007 ’
1356 3009 1483 3040 11011611
1500 3009 1530 3039 16
1549 3009 1655 3040 Noble
1674 3007 1817 3047 escaped
1836 3009 1922 3038 from
1940 3005 2093 3045 custody.

497 3058 508 3073 ²
535 3056 596 3086 See
619 3065 649 3094 p.
670 3056 710 3085 33
730 3054 846 3085 above.
1399 3055 1410 3069 ⁵
1435 3054 1474 3083 In
1493 3053 1549 3083 the
1567 3063 1643 3093 eyre
1661 3052 1722 3083 roll
1741 3052 1821 3091 they
1840 3061 1895 3082 are
1913 3049 2025 3081 stated
2044 3053 2077 3080 1ο
2095 3048 2181 3079 have

500 3100 509 3116 ³
537 3100 574 3130 19
593 3099 745 3138 January
765 3100 854 3140 12531.
1352 3096 1435 3127 been
1469 3097 1637 3128 delivered
1662 3099 1695 3127 10
1721 3095 1824 3135 Hugh
1850 3095 1879 3126 le
1905 3093 2012 3125 Noble
2037 3094 2071 3124 01
2097 3092 2179 3125 Sud-

505 3145 509 3159 ¹
534 3143 561 3173 A
595 3144 656 3173 few
681 3142 768 3173 lines
801 3143 834 3173 01
862 3141 918 3172 1116
951 3141 1022 3172 MS.
1053 3151 1107 3171 are
1138 3140 1282 3171 omitted
1352 3140 1516 3179 borough.

459 3186 538 3217 here
569 3186 711 3218 because
739 3186 763 3217 it
783 3186 810 3217 is
836 3185 1012 3225 damagcd.
1061 3185 1127 3216 But
1147 3184 1281 3221 enough
