2421 3529
193 581 371 610 preceptum.

193 646 318 676 prisona.

192 794 347 824 vtlagetur.

189 1208 314 1239 quietus.

187 1907 287 1937 gaolle.

189 2191 300 2218 ΡΙἙΟΘῙΙῘ
308 2193 364 2210 um.

189 2403 312 2434 prisona.

432 237 492 282 30
688 247 993 282 sELECTIONs
1030 248 1168 283 FRoM
1205 250 1308 285 THE
1344 251 1532 286 FOREST
1567 253 1704 288 EYRE
1740 254 1898 289 RoLLs
1958 268 1963 271 -

429 360 644 402 Robertus
668 360 719 402 de
742 360 942 403 Grafton’
966 362 1216 404 habuerunt
1238 363 1401 405 dictam
1425 365 1707 407 venacionem
1730 381 1915 420 quorum
1938 368 2153 410 Radulfus

429 432 471 472 et
507 429 750 472 Willelmus
783 431 968 484 predicti
1005 432 1122 486 capti
1157 433 1335 475 fuerunt
1378 436 1419 475 et
1462 434 1507 475 in
1545 435 1724 488 prisona
1761 437 1878 490 apud
1916 438 2148 480 Norhamt’

428 501 622 553 tempore
659 501 789 541 Alani
818 501 869 541 de
902 501 1175 554 Maydewill’,
1210 503 1284 555 qui
1315 503 1450 544 nichil
1483 504 1533 545 de
1567 505 1879 547 deliberacione
1912 509 2023 556 etc.;
2057 507 2153 548 ideo

427 572 681 622 preceptum
705 572 769 611 est
792 569 1035 612 vicecomiti
1057 572 1138 611 etc.
1163 572 1208 612 vt
1232 585 1378 624 supra.
1422 572 1482 613 Et
1505 572 1588 626 ipsi
1611 573 1826 615 Radulfus
1849 578 1890 617 et
1909 576 2152 617 Willelmus

426 638 611 691 predicti
634 640 676 679 et
698 638 772 679 alii
795 639 924 680 modo
947 639 1158 688 veniunt3
1194 642 1236 681 et
1268 640 1430 682 iterum
1454 641 1619 683 detenti
1642 646 1746 684 sunt
1768 643 1814 684 in
1837 644 2028 697 prisona.
2091 646 2152 687 Et

426 707 646 748 Robertus
683 708 734 749 de
769 708 971 750 Graiton’
1006 722 1085 750 nec
1112 709 1231 751 venit
1269 723 1348 751 nec
1383 711 1467 752 fuit
1505 712 1789 763 attachiatus,
1823 713 1926 766 quia
1954 714 2152 756 nonfuit

424 775 660 828 inventus3
699 777 795 818 ideo
838 777 1036 831 exigatur
1078 780 1120 820 et
1155 780 1388 833 vtlagetur.
1455 781 1528 823 Set
1571 782 1759 835 quedam
1801 783 1946 836 Agnes
1992 784 2153 825 Cornet

426 845 550 887 cuius
588 849 882 900 manupastus
912 847 994 889 fuit
1032 847 1259 890 invenerat
1293 849 1458 902 plegios
1490 850 1681 892 habendi
1713 865 1815 892 eum
1847 866 1993 893 coram
2026 852 2150 894 iusti-

425 914 571 956 ciariis
594 917 673 956 etc.
699 916 861 957 scilicet
883 917 1119 970 Hugonem
1151 917 1292 958 filium
1324 918 1483 972 Rogeri
1516 922 1558 961 et
1590 920 1772 961 Petrum
1804 920 1946 961 filium
1978 922 2150 975 Rogeri.

425 984 486 1026 Et
518 985 647 1026 modo
680 999 769 1027 non
802 985 966 1027 habent
989 986 1159 1044 ipsum,
1184 987 1279 1029 ideo
1302 987 1347 1028 in
1371 989 1685 1031 misericordia.
1749 991 1907 1032 Postea
1939 993 2152 1033 testatum

425 1055 491 1095 est
514 1054 628 1107 quod
650 1055 894 1097 Willelmus
916 1055 1032 1096 filius
1055 1056 1236 1097 Henrici
1269 1060 1445 1099 coactus
1477 1061 1519 1100 et
1551 1059 1736 1110 inuitus,
1760 1060 1964 1114 portabat
1987 1061 2151 1102 dictam

424 1123 723 1165 venacionem.
786 1124 847 1165 Et
880 1124 982 1177 quia
1013 1124 1089 1166 diu
1122 1126 1204 1166 fuit
1236 1126 1283 1167 in
1315 1127 1495 1180 prisona
1518 1130 1560 1170 et
1582 1128 1719 1170 nichil
1751 1129 1885 1171 habet
1917 1129 1964 1170 in
1996 1130 2122 1171 bonis
2140 1145 2150 1180 ;

425 1191 521 1234 ideo
544 1192 645 1234 inde
668 1192 856 1246 quietus.

515 1261 527 1284 1
543 1262 853 1304 Presentatum
876 1264 939 1304 est
961 1277 1036 1316 per
1059 1264 1234 1306 eosdem
1252 1265 1366 1318 quod
1384 1265 1452 1307 die
1467 1266 1481 1288 ²
1502 1266 1629 1308 Lune
1650 1267 1848 1321 proxima
1862 1269 1965 1309 ante
1988 1268 2151 1309 festum

425 1331 542 1373 beati
574 1332 743 1374 Mathie
772 1332 958 1386 apostoli
990 1347 1106 1374 anno
1137 1332 1359 1376 tricesimo
1385 1335 1528 1388 primo
1553 1336 1774 1377 Henricus
1797 1336 1914 1378 filius
1948 1337 2151 1379 Geruasii

424 1400 654 1455 piscatoris
693 1402 743 1443 de
777 1403 919 1456 Yslep’
956 1405 1112 1457 captus
1145 1404 1228 1446 fuit
1260 1404 1305 1445 in
1338 1418 1469 1457 parco
1503 1405 1554 1446 de
1591 1405 1805 1447 Bricstok’
1839 1421 1939 1447 cum
1972 1421 2077 1449 arcu
2109 1409 2152 1448 et

426 1470 611 1525 sagittis,
637 1472 710 1525 qui
732 1472 966 1514 indictauit
998 1473 1237 1515 Radulfum
1269 1473 1409 1515 filium
1441 1474 1621 1516 Roberti
1642 1474 1721 1515 filii
1754 1476 1923 1530 Quenyl
1945 1477 1997 1518 de
2020 1477 2150 1518 socie-

424 1542 515 1582 tate
537 1543 579 1583 et
601 1541 747 1595 ipsum
778 1542 1019 1583 Robertum
1044 1542 1094 1583 de
1117 1545 1456 1596 receptamento.
1519 1543 1641 1585 Idem
1664 1544 1885 1586 Henricus
1916 1545 2151 1588 indictauit

424 1611 643 1663 quendam
666 1610 909 1653 Walterum
932 1611 1073 1652 filium
1097 1612 1281 1655 Geruas’
1307 1612 1536 1666 piscatoris
1570 1613 1621 1654 de
1652 1614 1795 1668 Yslep'
1820 1616 1862 1656 et
1884 1614 2151 1656 Willelmum

421 1679 563 1720 filium
595 1679 778 1721 Henrici
813 1680 865 1721 de
896 1680 1110 1734 Drayton'
1146 1681 1197 1722 de
1230 1681 1451 1723 societate.
1514 1682 1574 1723 Et
1607 1682 1749 1724 dictus
1782 1683 2002 1726 Henricus
2034 1684 2151 1726 filius

423 1748 639 1799 Geruasii,
674 1749 894 1791 Robertus
931 1749 1048 1790 filius
1076 1750 1260 1805 Quenyl,
1289 1751 1507 1792 Radulfus
1538 1752 1655 1793 filius
1688 1766 1794 1793 suus
1827 1755 1868 1795 et
1900 1753 2149 1796 Willelmus

421 1818 538 1859 filius
580 1818 762 1860 Henrici
797 1819 849 1861 de
887 1819 1101 1873 Drayton’
1141 1820 1269 1862 modo
1301 1821 1500 1862 veniunt.
1563 1822 1624 1862 Et
1657 1822 1906 1863 convictum
1939 1825 2003 1864 est
2037 1824 2151 1876 quod

422 1887 659 1940 culpabiles
692 1890 795 1929 sunt
828 1888 879 1929 de
911 1888 1156 1930 malefactis
1188 1890 1439 1931 venacionis
1457 1905 1466 1939 ;
1501 1889 1597 1931 ideo
1628 1891 1969 1933 committuntur
1993 1893 2147 1945 gaolle.

421 1956 482 1997 Et
508 1957 727 1999 Walterus
763 1957 880 1998 filius
916 1958 1119 1999 Geruasii
1156 1958 1388 2012 piscatoris
1427 1959 1478 2001 de
1516 1960 1660 2013 Yslep’
1693 1974 1782 2001 non
1815 1961 1948 2010 venit,
1987 1965 2029 2003 et
2067 1962 2151 2003 fuit

422 2026 691 2067 attachiatus
714 2041 790 2080 per
822 2027 1056 2080 Hugonem
1085 2027 1123 2068 le
1156 2028 1327 2082 Peynt',
1352 2028 1595 2070 Henricum
1619 2030 1669 2070 de
1696 2030 1886 2079 Sutton',
1910 2031 2150 2072 Radulfum

421 2095 460 2135 le
492 2096 661 2149 Peynt’,
686 2096 826 2137 Adam
851 2096 903 2136 de
927 2096 1067 2150 Yslep’
1093 2099 1134 2138 et
1159 2097 1404 2138 Iohannem
1435 2097 1576 2139 filium
1610 2099 1834 2148 Godwin’;
1868 2099 1964 2141 ideo
1997 2114 2149 2142 omnes

421 2164 467 2204 in
490 2164 804 2206 misericordia.
867 2165 928 2206 Et
961 2168 1216 2218 preceptum
1240 2169 1304 2208 est
1328 2166 1571 2208 vicecomiti
1604 2168 1718 2221 quod
1741 2168 1871 2210 faciat
1895 2169 2043 2211 venire
2066 2172 2147 2211 etc.

423 2233 586 2274 dictum
621 2234 864 2275 Walterum
900 2234 1041 2275 filium
1077 2235 1280 2276 Geruasii
1315 2238 1398 2277 etc.
1462 2236 1620 2278 Postea
1654 2237 1902 2279 convictum
1941 2242 2006 2279 est
2036 2239 2150 2291 quod

422 2303 638 2344 Robertus
681 2304 798 2346 filius
840 2304 1046 2346 Willelmi
1088 2305 1139 2345 (16
1182 2305 1361 2347 Lufwic'
1406 2308 1472 2347 est
1521 2306 1751 2360 culpabilis
1803 2307 1854 2349 (16
1907 2308 2150 2350 malefactis

423 2373 687 2425 venacionis,
713 2374 786 2427 qui
808 2375 928 2416 venit
951 2376 992 2417 et
1017 2374 1220 2416 detentus
1244 2377 1308 2417 est
1331 2375 1377 2416 in
1399 2376 1592 2430 prisona.

709 2749 720 2764 ³
732 2748 894 2783 Adhuc
915 2748 969 2783 de
987 2747 1237 2783 venacione
1255 2748 1303 2782 in
1321 2747 1497 2784 balliua
1513 2722 1870 2785 deiRokenham.

513 2838 526 2860 ⁴
543 2837 851 2879 Presentatum
875 2840 940 2879 est
963 2852 1038 2891 per
1054 2837 1228 2878 eosdem
1246 2838 1358 2891 quod
1382 2838 1478 2879 die5
1501 2839 1626 2879 Lune
1649 2839 1846 2892 proxima
1868 2840 1966 2892 post
1990 2840 2150 2881 festum

426 2907 568 2950 sancti
602 2906 829 2948 Michaelis
862 2921 978 2948 anno
1002 2907 1221 2948 tricesimo
1246 2908 1435 2949 secundo
1458 2908 1598 2961 capud
1622 2908 1736 2949 coeri
1768 2909 1886 2949 cerui
1918 2908 2149 2950 inventum

427 2977 510 3019 fuit
532 2977 578 3018 in
600 2990 763 3029 magna
796 2976 995 3018 trenchia
1028 2976 1142 3017 inter
1175 2976 1389 3018 Bricstok’
1421 2979 1463 3018 et
1495 2978 1735 3031 Lyueclen'.
1798 2978 2035 3031 Inquisicio
2068 2979 2151 3020 fuit

576 3112 582 3129 ¹
611 3112 672 3145 See
690 3121 720 3151 p.
739 3112 790 3143 85.
1028 3112 1040 3128 2
1066 3112 1105 3141 18
1122 3110 1295 3153 February
1315 3111 1405 3153 1‘24‘55.
1665 3112 1676 3129 ³
1700 3111 1776 3143 Roll
1794 3114 1823 3149 3,
1841 3111 1876 3143 in
1894 3112 2003 3143 dorso.

850 3156 855 3173 ¹
882 3156 943 3186 See
961 3165 990 3195 p.
1010 3156 1061 3186 823.
1398 3159 1409 3175 ³
1434 3157 1452 3187 ὅ
1471 3155 1614 3187 October
1633 3157 1727 3187 1218.
