2421 3529
467 267 523 313 81
937 273 1126 311 SELECT
1162 272 1355 308 FOREsr
1391 271 1746 315 INQUISITIONS

557 388 694 443 Plegii
727 387 879 430 uillate
913 388 964 430 de
996 388 1162 440 Magna
1194 386 1295 428 Acle
1328 400 1475 428 coram
1507 384 2048 439 iusticiariisz-—Rogerus
2079 385 2197 428 filius

469 457 663 508 Roberti,
689 457 914 500 Galfridus
936 456 1053 498 filius
1076 455 1290 497 Nicholai.

561 527 729 581 Sagitte
772 540 872 568 cum
924 526 1082 580 quibus
1129 525 1337 566 Matheus
1380 525 1618 566 wlneratus
1662 523 1760 574 fuit,
1805 524 1969 566 tradite
2012 525 2196 566 fuerunt

470 596 648 639 domino
669 595 859 637 Roberto
882 595 1039 636 Basset
1062 596 1103 636 et
1127 593 1318 635 Iohanni
1339 594 1495 644 Louet,
1518 593 1754 635 viridariis.

559 664 788 719 Leporarii
828 663 953 706 missi
994 664 1174 705 fuerunt
1208 662 1384 705 domino
1422 663 1473 704 R.
1507 662 1686 713 Passer,
1719 664 1825 704 tunc
1863 662 2105 705 iusticiario
2148 663 2199 704 de

472 736 651 778 foresta.

563 870 574 893 ¹
591 868 831 924 Inquisicio
855 870 971 911 facta
989 868 1105 922 apud
1120 867 1325 910 Banifeld
1344 881 1459 909 anno
1482 866 1639 921 rengni
1653 866 1767 920 regis
1782 866 1965 909 Henrici
1980 866 2202 909 tricesimo

475 954 622 982 coram
665 938 842 981 domino
875 938 1015 980 Alano
1050 938 1102 980 de
1136 937 1423 991 Maydewell’,
1458 936 1713 978 vicecomite
1748 936 1800 978 de
1834 936 2112 990 Norhampt’,
2151 936 2201 977 de

475 1009 654 1052 Matheo
687 996 1177 1050 101661611011116116610
1210 1006 1327 1060 apud
1358 1006 1563 1048 Banifeld
1595 1019 1671 1059 per
1704 1019 1856 1047 omnes
1880 1005 2058 1047 uillatas
2089 1005 2201 1046 hun-

475 1078 709 1120 dredorum
747 1077 798 1118 (16
834 1076 976 1129 Corby
1013 1078 1056 1117 et
1091 1075 1142 1117 de
1180 1075 1310 1117 Stoke
1345 1075 1397 1116 de
1430 1075 1605 1116 Rowell'
1641 1078 1683 1116 et
1721 1074 1773 1115 (16
1813 1073 2026 1124 Stodfold‚
2051 1075 2093 1115 et
2127 1087 2203 1127 per

474 1146 659 1201 triginta
681 1148 723 1188 et
747 1148 933 1200 quatuor
955 1147 1048 1186 tam
1070 1144 1232 1186 milites
1255 1158 1387 1198 quam
1410 1144 1568 1186 liberos
1591 1146 1633 1186 et
1656 1144 1815 1197 legales
1836 1142 2037 1185 homines
2062 1143 2204 1197 patrie

476 1229 663 1270 quorum
698 1214 879 1256 nomina
912 1215 1015 1255 sunt
1048 1213 1296 1267 subscripta
1327 1212 1527 1255 videlicet
1562 1245 1571 1254 .
1606 1245 1616 1254 .
1653 1245 1662 1254 .
1697 1215 1739 1254 et
1771 1227 1847 1266 per
1879 1212 2130 1254 forestarios
2163 1214 2205 1254 et

474 1283 707 1326 viridarios
729 1283 846 1324 illius
879 1283 1052 1332 balliue,
1077 1281 1151 1336 qui
1183 1282 1336 1324 dicunt
1368 1296 1520 1325 omnes
1554 1296 1683 1336 super
1710 1288 2037 1324 sacramentum
2061 1295 2204 1331 suum,

477 1355 591 1408 quod
613 1353 749 1395 nichil
771 1353 873 1394 inde
888 1352 1033 1394 sciunt
1056 1351 1143 1393 nisi
1174 1352 1484 1394 tantummodo
1518 1352 1632 1406 quod
1664 1366 1764 1393 611111
1796 1352 1980 1394 Iacobus
2014 1352 2064 1393 de
2098 1353 2205 1393 Tur-

474 1423 630 1472 lebere,
654 1423 789 1464 frater
812 1421 980 1463 Mathei
1002 1421 1144 1470 occisi,
1169 1421 1360 1463 Thomas
1393 1421 1609 1471 Boi-hard,
1634 1422 1855 1463 Iohannes
1887 1421 2002 1463 filius
2025 1421 2204 1471 Yuonis,

475 1491 695 1533 forestarii
737 1490 904 1533 domini
945 1490 1073 1544 regis,
1119 1491 1459 1533 commedissent
1502 1490 1602 1532 (1162
1642 1490 1824 1533 Veneris
1867 1490 2066 1544 proxima
2106 1493 2205 1544 post

476 1562 676 1603 clausum
699 1560 867 1602 Pasche
899 1574 1000 1601 cum
1033 1560 1191 1602 abbate
1224 1560 1276 1602 de
1308 1560 1499 1615 Pipwell’
1533 1574 1651 1603 anno
1684 1560 1849 1609 eodem,
1873 1560 2078 1601 viderunt
2110 1574 2205 1614 pre-

477 1630 583 1671 dicti
605 1629 824 1671 forestarii
846 1630 890 1670 in
921 1629 1103 1671 abbacia
1133 1630 1184 1671 de
1207 1630 1422 1684 Pypwelle
1444 1632 1533 1672 tres
1555 1629 1808 1685 16110161106,
1831 1629 2046 1679 videlicet,
2071 1643 2206 1671 vnum

476 1702 672 1753 teyngre,
696 1702 738 1741 61
762 1712 897 1741 vnum
921 1699 1090 1750 fanum,
1115 1701 1157 1741 61
1180 1713 1316 1741 vnum
1339 1699 1516 1753 nigrum
1549 1701 1832 1749 coueratum;
1867 1699 1919 1740 (16
1942 1699 2100 1752 quibus
2123 1698 2209 1740 duo

477 1783 528 1811 ex
559 1769 644 1810 illis
676 1767 902 1823 leporariis
935 1767 1053 1822 capti
1085 1769 1265 1810 fuerunt
1297 1769 1473 1823 quando
1505 1769 1713 1811 Matheus
1751 1767 2007 1811 forestarius
2041 1768 2209 1810 occisus

478 1838 575 1888 fuit,
600 1839 642 1880 et
674 1837 836 1880 tercius
868 1839 1050 1892 teyngre
1083 1837 1158 1892 qui
1190 1837 1332 1879 euasit
1364 1852 1464 1879 cum
1496 1837 1868 1880 malefactoribus.
1941 1837 2001 1878 Et
2035 1837 2210 1879 eosdem

477 1907 716 1962 leporarios
749 1907 984 1949 aduocauit
1021 1906 1187 1961 Symon
1210 1906 1262 1948 de
1284 1907 1621 1961 Kyueleworthe
1642 1907 1688 1949 in
1711 1907 1893 1949 abbacia
1915 1907 1966 1949 de
1989 1907 2208 1962 Pippwell'

479 1991 627 2019 coram
650 1977 806 2018 abbate
837 1976 888 2018 de
920 1977 1139 2030 Pypwell’.
1201 1977 1261 2018 Et
1295 1977 1397 2030 quia
1425 1976 1644 2019 forestarii
1674 1976 1810 2019 iurati
1841 1978 2210 2031 presentauerunt

478 2045 711 2095 viridariis,
731 2046 845 2099 quod
863 2045 979 2087 idem
1002 2048 1128 2087 erant
1150 2045 1356 2099 leporarii
1379 2045 1452 2100 qui
1475 2046 1591 2100 capti
1617 2046 1795 2087 1116111111
1813 2045 1988 2100 (111611ᾶο
2003 2046 2209 2087 Matheus

480 2115 648 2157 occisus
680 2114 779 2165 fuit,
804 2128 911 2168 quos
936 2113 1079 2155 dictus
1108 2114 1260 2157 Simon
1293 2115 1542 2165 aduocauit,
1567 2114 1709 2157 dictus
1743 2114 1907 2169 Symon
1940 2114 1992 2156 de
2023 2114 2208 2169 111711616-

479 2183 644 2226 werthe
686 2185 863 2237 propter
900 2182 1218 2237 suspiccionem
1260 2183 1416 2225 mortis
1447 2183 1640 2238 predicte
1673 2186 1827 2238 captus
1859 2183 1942 2225 fuit
1975 2186 2017 2226 et
2048 2183 2211 2225 missus

480 2253 600 2308 apud
627 2253 886 2307 Norhampt’
912 2253 968 2295 ad
998 2252 1383 2306 inprisonandum.
1446 2253 1507 2295 Et
1540 2252 1623 2295 11111
1655 2255 1761 2295 111116
1783 2253 2021 2295 vicecomes
2043 2253 2211 2294 Alanus

482 2323 534 2364 de
556 2322 842 2376 Maydewell’.

569 2391 716 2433 Abbas
739 2405 839 2433 vero
862 2390 914 2432 de
936 2391 1141 2445 Pypwell’
1158 2390 1331 2433 inuenit
1353 2390 1519 2445 plegios
1542 2405 1690 2433 coram
1712 2390 1966 2433 iusticiariis
1981 2390 2032 2432 de
2051 2391 2212 2432 foresta

482 2475 560 2515 pro
601 2462 928 2515 receptamento
970 2459 1095 2516 [dicti
1129 2460 1333 2515 Symonis
1376 2460 1470 2518 et]³
1510 2460 1759 2503 (116101111114
1790 2460 2108 2515 leporariorum
2151 2458 2212 2515 [et

483 2529 717 2572 aduocauit
755 2530 922 2572 dictum
968 2530 1194 2572 Simonem
1236 2532 1279 2572 61
1320 2530 1611 2587 leporarios].³
1671 2531 1732 2572 Et
1772 2530 1852 2572 hec
1894 2531 1998 2572 sunt
2030 2529 2212 2572 nomina

483 2599 727 2654 plegiorum
752 2613 932 2641 suorum
968 2631 977 2640 .
1014 2631 1023 2640 .
1061 2601 1088 2641 ‚⁵

571 2735 586 2758 ⁶
599 2732 767 2775 Accidit
790 2732 858 2774 die
873 2734 886 2758 ⁷
904 2732 1046 2775 sancti
1066 2733 1283 2784 Bai-nabe,
1308 2734 1507 2788 apostoli,
1523 2748 1640 2777 anno
1662 2733 1819 2788 rengni
1832 2732 1946 2788 regis
1964 2731 2182 2790 [Henrici]
2199 2733 2213 2756 ⁸

483 2803 706 2846 tricesimo
728 2803 842 2857 quod
858 2802 1042 2844 Iacobus
1066 2803 1117 2845 de
1136 2804 1383 2855 Turlebere,
1404 2805 1661 2847 forestarius
1683 2805 1728 2846 in
1750 2817 1882 2858 parco
1905 2803 1957 2845 de
1979 2802 2212 2852 Bricstok’,

483 2873 607 2915 uenit
629 2872 675 2914 in
698 2872 812 2915 dicto
833 2884 965 2926 parco
987 2871 1101 2915 circa
1132 2873 1289 2916 horam
1320 2874 1511 2928 primam
1533 2877 1575 2918 et
1607 2873 1779 2916 inuenit
1803 2886 1937 2916 vnum
1970 2872 2211 2921 hominem,

530 2993 537 3011 ¹
566 2992 629 3023 See
645 3001 678 3032 p.
697 2993 750 3023 28.
1387 2993 1492 3035 ginal,
1509 2993 1610 3034 being
1627 3003 1712 3026 once
1727 2991 1979 3025 interlineated.

527 3037 539 3055 ²
563 3037 604 3067 20
621 3036 717 3076 April
736 3035 832 3066 1246.
1431 3041 1442 3057 ⁵
1468 3038 1527 3069 Six
1543 3048 1675 3069 names.

528 3080 540 3097 ⁸
563 3079 636 3110 The
654 3079 762 3110 words
780 3079 816 3111 in
833 3079 990 3113 brackets
1004 3089 1061 3111 are
1073 3078 1316 3112 interlineated
1431 3083 1442 3100 ‘³
1467 3083 1529 3114 See
1546 3092 1579 3122 p.
1596 3084 1638 3114 29
1656 3081 1773 3113 above.

484 3124 519 3154 in
537 3123 595 3154 the
613 3123 769 3162 original.
1430 3127 1440 3142 ⁷
1465 3126 1624 3167 Monday,
1644 3127 1683 3156 11
1701 3125 1789 3156 June
1809 3124 1904 3155 1245.

528 3168 538 3184 ⁴
563 3166 648 3199 This
665 3166 756 3199 word
774 3166 801 3199 is
819 3168 954 3200 written
982 3167 1078 3201 twice
1106 3167 1139 3199 in
1166 3167 1224 3200 the
1250 3167 1312 3200 ori-
1429 3172 1440 3188 ⁸
1465 3169 1550 3202 This
1567 3169 1656 3203 word
1675 3170 1704 3201 is
1721 3167 1865 3201 omitted
1883 3167 1918 3198 in
1938 3166 1997 3199 the
2015 3165 2174 3206 original.
