2421 3529
460 255 520 303 70
917 266 1106 302 SELECT
1142 265 1332 301 FOREST
1369 264 1727 307 INQUISITIONS

544 379 654 422 1)161
688 379 831 421 sancti
869 379 1034 421 Thome
1071 378 1268 421 martiris
1306 391 1424 420 anno
1459 378 1583 432 regni
1614 377 1730 431 regis
1761 374 1945 418 Hem-ici
1976 374 2183 417 vicesimo

456 452 614 504 quarto
629 449 643 471 ²
665 448 924 502 equitabant
946 463 1022 502 per
1045 449 1255 490 forestam
1278 447 1330 489 de
1353 446 1617 503 [Hyneholt]
1641 446 1890 489 Gilebertus
1913 445 2016 485 Dun
2049 445 2182 485 fores-

456 518 596 560 tarius
631 520 673 560 et
709 518 926 559 Robertus
962 516 1092 573 [eius]
1128 516 1351 564 seruiens;
1386 518 1428 557 et
1462 515 1668 557 viderunt
1700 516 1795 557 octo
1827 513 2050 569 h[omines
2083 527 2184 554 cum

459 587 667 644 ar]cubus
689 589 731 628 et
753 586 926 640 sagittis
949 589 991 628 et
1013 600 1114 627 cum
1136 584 1363 639 leporariis
1386 585 1431 625 in
1454 585 1607 627 eadem
1640 585 1803 626 foresta
1823 599 1831 632 ;
1867 585 1909 624 et
1941 582 2035 636 ipse
2068 582 2183 625 Gile-

458 657 609 708 bertus
631 656 864 698 mandauit
899 688 907 697 .
943 688 950 696 .
987 656 1056 705 .3;
1092 657 1134 697 et
1166 655 1251 709 ipsi
1273 654 1433 695 simul⁴
1457 656 1673 696 venerunt
1705 653 1751 695 in
1784 652 1976 695 crastino
2009 651 2054 693 in
2086 666 2183 706 pre-

460 727 575 769 dicta
598 727 759 768 foresta
782 728 824 768 et
846 725 1051 767 viderunt
1072 724 1312 781 h[omines]
1345 723 1582 779 pred[ictos
1602 739 1611 773 ;
1646 723 1706 779 et]
1739 724 2002 764 leuauerunt
2036 720 2185 777 [super

458 796 572 852 illos]
596 796 831 838 clamorem
854 798 896 837 et
920 794 1057 836 secuti
1080 796 1182 836 sunt
1206 807 1278 835 eos
1297 809 1306 843 ;
1342 795 1384 835 et
1406 793 1490 847 ipsi
1523 794 1791 846 fugauerunt
1810 807 1820 842 ;
1855 793 1897 833 et
1930 790 2185 832 nesciebant

458 866 531 907 vbi
552 865 839 906 deuenerunt.
900 863 1116 906 Homines
1139 877 1243 905 uero
1267 862 1548 919 [hospi]tati5
1571 864 1697 904 erant
1720 862 1775 903 ad
1797 861 1975 903 domum
2008 859 2186 901 Ricardi

457 934 537 976 filii
588 934 708 976 Petri
752 934 891 975 Lond'
937 933 1055 987 apud
1097 932 1363 975 Wodeford'.
1446 932 1507 973 Et
1555 931 1610 973 ad
1652 931 1809 972 melius
1851 929 2184 971 certificandum

457 1002 722 1045 iusticiarios
745 1003 903 1044 foreste
926 1002 971 1043 in
1005 1002 1201 1043 aduentu
1231 1014 1310 1042 suo
1342 1002 1645 1042 conuenerunt
1679 998 1890 1041 foristarii
1918 1001 1961 1040 et
1990 998 2187 1039 viridarii

457 1075 499 1115 et
538 1072 773 1129 [fecerunt]
817 1071 1152 1126 inquisicionem
1195 1085 1271 1125 per
1310 1073 1497 1124 quatuor
1530 1070 1705 1112 villatas
1737 1069 1972 1123 proximas,
2007 1068 2184 1118 scilicet,

457 1141 679 1195 Berking’,
721 1141 982 1195 Stapelford’
1022 1140 1220 1190 Abbatis,
1255 1140 1500 1189 Lamburn,
1522 1140 1746 1183 Wensted'
1784 1172 1791 1179 .
1829 1171 1838 1179 .
1872 1171 1881 1180 .
1916 1152 2000 1192 que
2032 1138 2185 1179 dicunt

459 1211 574 1265 quod
596 1210 733 1251 nichil
755 1210 914 1251 sciunt.

548 1280 717 1322 Catalla
759 1279 942 1321 inuenta
984 1278 1039 1320 ad
1081 1278 1261 1320 domum
1303 1278 1546 1332 predictam
1596 1277 1890 1332 quadraginta
1931 1291 2047 1326 once,
2090 1278 2187 1318 octo

459 1348 682 1404 quarteria
714 1362 866 1398 auene,
890 1347 1085 1402 precium
1118 1346 1272 1389 ouium
1305 1361 1395 1389 una
1427 1361 1591 1397 marca,
1615 1346 1811 1400 precium
1842 1361 1982 1388 auene
2005 1345 2187 1388 dimidia

458 1432 620 1460 marca.
701 1418 763 1459 Et
805 1417 1098 1459 committitur
1140 1416 1337 1470 precium
1379 1416 1627 1458 Alexandro
1669 1416 1721 1457 de
1755 1418 1903 1469 ponte,
1938 1416 2103 1458 Thome
2135 1416 2187 1458 de

457 1490 591 1542 ponte
623 1488 675 1529 de
706 1486 970 1537 Wodeford’‚
1006 1485 1230 1528 Salomoni
1271 1486 1360 1527 filio
1403 1485 1577 1527 Radulfi
1611 1485 1662 1526 de
1696 1485 1918 1539 Berking',
1952 1485 2187 1540 Ernulpho

459 1557 510 1598 de
545 1556 719 1611 Tyheye
754 1556 806 1597 de
840 1555 1007 1605 eadem,
1039 1554 1204 1596 Briano
1236 1553 1325 1596 filio
1353 1553 1526 1596 Osberti
1555 1553 1607 1595 de
1634 1553 1895 1607 Chigewell’,
1929 1554 2098 1608 Rogero
2135 1554 2186 1596 de

458 1626 612 1668 Hache
635 1626 686 1667 de
709 1625 875 1667 eadem.

548 1694 684 1748 Plegii
718 1693 909 1737 Simonis
940 1693 1019 1734 filii
1053 1692 1183 1735 Conis
1214 1692 1265 1734 de
1299 1692 1558 1746 Chigewell',
1582 1691 1657 1746 qui
1682 1692 1825 1746 primo
1855 1705 1985 1734 mane
2014 1691 2187 1733 inuenit

458 1764 660 1806 homines
682 1763 1154 1818 predictos‚Nicholaus
1177 1761 1293 1803 filius
1317 1761 1491 1804 Osberti
1513 1764 1555 1803 et
1577 1762 1706 1803 Eudo
1729 1761 1919 1816 piscator
1942 1761 1994 1803 (16
2017 1760 2185 1802 eadem.

548 1835 563 1858 ⁶
581 1833 840 1875 Goscelinus
864 1832 914 1873 de
937 1834 1070 1886 ponte
1094 1832 1146 1872 de
1167 1831 1401 1873 Wodeford
1434 1834 1624 1884 ponatur
1655 1845 1731 1884 per
1754 1830 1932 1873 vadium
1966 1832 2008 1872 et
2041 1831 2187 1872 saluos

460 1903 624 1957 plegios
648 1902 761 1956 quod
785 1902 841 1943 sit
864 1902 918 1943 ad
942 1901 1188 1955 proximum
1212 1900 1495 1941 hundredum
1519 1901 1691 1949 foreste,
1717 1900 1819 1954 quia
1841 1914 1930 1942 non
1954 1900 2037 1942 fuit
2070 1899 2187 1954 apud

460 1973 527 2014 La
549 1972 683 2027 Claya
706 1971 761 2014 ad
783 1971 1117 2025 inquisicionem
1141 1970 1253 2011 vnde
1275 1970 1463 2011 habetur
1487 1972 1730 2024 suspectus.

548 2042 824 2083 Perdonatur
846 2055 922 2094 per
945 2041 1127 2081 fratrem
1150 2039 1412 2080 Nicholaum
1435 2039 1487 2080 de
1508 2039 1771 2081 Wodeford’.

547 2111 768 2153 lohannes
799 2109 916 2151 filius
949 2108 1122 2162 Rogeri,
1157 2108 1396 2150 wodeward
1430 2108 1481 2149 de
1515 2107 1774 2161 Chigewell⁷,
1802 2108 1906 2150 dicit
1939 2108 2053 2162 quod
2086 2122 2186 2150 cum

459 2181 550 2223 ibat
573 2181 618 2222 in
636 2181 764 2222 bosco
787 2180 838 2221 de
853 2179 1093 2233 Hyneholt’
1113 2178 1208 2219 diel
1235 2177 1377 2219 sancti
1400 2177 1564 2219 Thome
1588 2177 1784 2219 martiris
1799 2191 1916 2219 anno
1934 2177 2057 2231 regni
2074 2178 2188 2231 regis

459 2250 642 2292 Henrici
663 2249 868 2291 vicesimo
890 2250 1046 2302 quarto
1068 2247 1177 2289 vidit
1210 2249 1376 2301 septem
1410 2246 1610 2288 homines
1643 2246 1834 2300 quinque
1867 2261 1966 2288 cum
1999 2247 2188 2288 arcubus

461 2322 503 2361 et
536 2318 707 2372 sagittis
731 2321 773 2360 et
806 2318 914 2359 duos
952 2331 1051 2358 cum
1089 2318 1277 2371 quatuor
1314 2315 1541 2369 leporariis
1573 2315 1779 2371 [quorum
1813 2318 1901 2357 tres
1938 2315 2189 2357 habuerunt

461 2388 638 2444 viseria]
662 2391 703 2429 et
726 2387 844 2428 istud
867 2387 1058 2429 ostendit
1081 2387 1249 2440 Rogero
1271 2385 1387 2440 patri
1420 2399 1524 2434 suo;
1559 2387 1601 2427 et
1624 2385 1739 2426 idem
1762 2385 1958 2438 Rogerus
1980 2385 2111 2438 peciit
2134 2385 2189 2426 ab

463 2473 513 2500 eo
546 2458 582 2499 si
614 2457 905 2513 agno[uisset]
942 2471 1029 2499 eos.
1095 2457 1193 2510 Ipse
1230 2455 1455 2510 respondit
1490 2456 1604 2509 quod
1642 2456 1862 2497 Iohannes
1894 2456 1932 2497 le
1964 2455 2111 2496 Blund
2138 2455 2189 2496 de

463 2527 738 2569 Edelmeton’
763 2529 857 2569 erat
889 2541 1001 2567 vnus
1033 2540 1082 2568 ex
1114 2526 1190 2568 eis.
1253 2526 1313 2567 Et
1341 2525 1448 2566 dixit
1471 2525 1584 2579 quod
1607 2525 1789 2579 agnouit
1811 2538 1912 2566 eum
1935 2524 2049 2578 quod
2072 2538 2189 2566 anno

463 2597 672 2651 preterito
703 2596 811 2638 vidit
844 2610 944 2637 eum
977 2609 1076 2649 sepe
1113 2595 1360 2636 venientem
1393 2594 1446 2636 ad
1484 2594 1721 2636 videndum
1754 2607 1907 2648 porcos
1942 2607 2044 2635 suos
2081 2607 2188 2646 quos

463 2665 619 2707 habuit
641 2665 687 2706 in
710 2665 837 2706 bosco
859 2665 1052 2718 predicto
1074 2664 1120 2705 in
1142 2663 1397 2718 pannagio.⁷

552 2736 746 2788 Rogerus
784 2734 1004 2788 predictus
1039 2733 1142 2774 dicit
1176 2732 1305 2786 quod,
1344 2732 1381 2773 si
1418 2733 1524 2774 deus
1562 2746 1662 2774 eum
1700 2732 1897 2782 adiuuet,
1935 2730 2189 2773 malecredit

463 2805 708 2846 Iohannem
730 2803 974 2858 predictum
998 2803 1049 2844 de
1072 2803 1233 2844 foresta
1256 2802 1422 2844 domini
1443 2801 1572 2855 regis.

511 2898 518 2915 ¹
545 2899 585 2929 29
604 2896 790 2928 December
807 2897 903 2927 1239.
1408 2896 1418 2913 ⁴
1443 2896 1514 2926 MS.
1534 2895 1685 2926 ‘semul'

509 2943 520 2960 ²
545 2941 617 2972 The
635 2940 726 2980 right
743 2940 838 2971 hand
864 2939 936 2970 side
953 2940 986 2970 of
1010 2939 1068 2970 the
1086 2938 1149 2970 roll
1168 2939 1196 2970 is
1215 2949 1293 2978 very
1406 2941 1417 2957 ⁵
1442 2939 1527 2970 This
1544 2939 1634 2970 word
1651 2938 1762 2979 might
1779 2938 1851 2970 also
1868 2938 1908 2969 be
1927 2938 2133 2977 ‘receptati.'

465 2985 570 3016 much
610 2983 787 3024 damaged.
843 2983 898 3014 All
939 2983 1047 3014 words
1088 2983 1123 3013 in
1171 2993 1292 3022 square
1406 2985 1417 3000 ⁶
1442 2983 1526 3014 This
1542 2983 1737 3023 paragraph
1756 2982 1821 3014 has
1846 2983 1930 3013 been
1955 2981 2129 3013 cancelled
2154 2981 2190 3011 in

466 3029 621 3060 brackets
646 3039 701 3059 are
727 3027 884 3068 supplied
910 3027 952 3067 by
971 3027 1177 3066 conjecture,
1196 3026 1291 3057 there
1361 3026 1419 3058 the
1439 3028 1510 3058 MS.

466 3073 567 3112 being
585 3083 628 3104 no
645 3075 735 3103 trace
754 3073 787 3102 of
804 3071 898 3102 them
916 3071 978 3102 left
995 3071 1030 3101 in
1049 3070 1106 3101 the
1125 3071 1195 3101 MS.
1407 3072 1415 3086 ⁷
1442 3071 1513 3101 The
1546 3070 1636 3101 word
1670 3071 1854 3109 ‘pessone'
1890 3079 2000 3100 seems
2032 3071 2066 3099 to
2102 3068 2189 3099 have

512 3116 620 3190 ³hThe
637 3115 781 3154 missing
793 3115 900 3147 words
919 3125 974 3146 are
992 3114 1156 3155 probale
1172 3119 1177 3131 ‘
1192 3124 1290 3154 prop·
1361 3114 1445 3145 been
1463 3116 1597 3145 written
1616 3114 1728 3145 before
1747 3113 1952 3153 ‘pannagio'
1968 3112 2035 3144 and
2053 3111 2190 3143 crossed

467 3164 517 3191 ter
562 3161 691 3192 omines
710 3160 810 3191 51105.ἵ
1364 3163 1432 3190 out.
