2421 3529
459 276 517 321 79
920 286 1107 320 siziffic'r
1143 285 1334 319 FoREsT
1369 285 1718 327 moinsirioxs

457 400 571 453 quod
607 400 811 441 viderunt
846 400 953 441 duos
991 398 1228 453 lcporarios
1263 397 1396 439 ruffos
1431 400 1670 439 currentes.
1735 398 1795 438 Et
1828 397 2185 440 exclamauerunt

456 469 694 522 leporarios
732 472 774 510 et
812 482 882 509 eos
921 469 1144 521 ceperunt.
1222 467 1283 508 Et
1321 468 1665 520 expectauerunt
1700 466 1814 508 clam
1853 466 2111 508 insidiantes
2149 467 2186 507 si

457 538 613 591 aliquis
638 539 890 591 sequeretur
920 537 1057 578 dictos
1079 535 1316 590 lepor-arios
1340 538 1381 576 et
1405 535 1627 576 neminem
1649 535 1867 576 viderunt.
1930 535 2086 576 Postea
2118 535 2186 576 die

458 607 585 648 Lune
618 607 816 661 proxima
849 606 1063 659 sequenti,
1098 605 1351 646 conuocatis
1384 604 1640 654 forestariis,
1674 604 1891 645 viridariis
1923 606 1966 645 et
1998 607 2185 658 quatuor

456 676 619 717 villatis
666 674 1064 729 propinquioribus,
1098 674 1276 723 scilicet,
1311 673 1475 726 Magna
1510 672 1702 722 Stiueel’,
1747 673 1939 727 Riptona.
1986 673 2183 723 Abbatis,

457 744 677 794 Herford’,
722 744 914 797 Riptona
957 742 1086 795 Regis
1129 743 1184 784 ad
1228 742 1538 796 inquirendum
1592 741 1717 783 cuius
1759 742 1942 796 predicti
1983 743 2185 796 leporarii

457 815 650 864 fuerunt,
676 815 717 855 et
740 813 852 854 vnde
874 815 1104 863 venerunt,
1130 814 1172 854 et
1205 811 1300 866 quis
1334 825 1405 852 eos
1438 810 1561 852 duxit
1584 810 1629 851 in
1652 811 1859 853 forestam
1883 812 2050 853 domini
2072 811 2184 864 regis

455 883 511 924 ad
534 883 915 924 malefaciendum.

545 952 743 994 Predicte
766 952 913 994 villate
936 951 1140 992 dixerunt
1162 949 1278 1004 quod
1301 949 1437 990 nichil
1461 949 1561 991 inde
1583 949 1824 991 sciuerunt.

549 1092 557 1113 ¹
579 1091 754 1144 Septem
778 1089 921 1131 clerici
945 1092 985 1131 et
1009 1103 1120 1131 Vnus
1144 1087 1410 1142 capellanus,
1434 1091 1480 1129 vt
1505 1087 1722 1137 dixerunt,
1747 1088 1864 1142 capti
1897 1089 2077 1130 fuerunt
2109 1103 2184 1143 per

457 1160 711 1202 forestarios
746 1162 788 1201 et
820 1159 1011 1213 patriam
1047 1158 1091 1199 in
1122 1157 1336 1210 Stangate
1367 1171 1444 1211 pro
1467 1157 1715 1211 suspicione
1747 1158 1914 1199 roberie
1946 1158 2038 1199 die²
2059 1159 2184 1200 Lune

455 1229 654 1282 proxima
685 1231 789 1270 ante
822 1227 1136 1269 Inuencionem
1169 1228 1320 1267 sancte
1355 1226 1505 1268 Crucis
1543 1240 1659 1268 anno
1692 1227 1842 1268 eodem
1882 1230 1923 1268 et
1961 1227 2183 1269 commissi

456 1299 634 1339 fuerunt
659 1297 860 1340 8111101113
884 1298 934 1337 de
958 1297 1170 1345 Houton'‚
1197 1296 1440 1337 vicecomiti
1475 1296 1525 1337 de
1561 1296 1756 1337 Hunted’
1789 1299 1832 1338 et
1871 1297 2011 1346 Cant’,
2035 1311 2181 1338 coram

454 1367 695 1408 iusticiario
734 1366 788 1408 ad
831 1367 1085 1420 ponendum
1121 1365 1165 1405 111
1202 1365 1440 1419 prisonam.
1512 1365 1713 1418 Quinque
1747 1379 1874 1406 arcus
1912 1366 1963 1406 (16
2000 1366 2048 1420 yf
2082 1379 2181 1406 cum

456 1437 612 1485 cordis,
646 1450 752 1490 quos
796 1437 1007 1485 tulerunt,
1051 1438 1092 1477 et
1135 1437 1222 1476 tres
1271 1434 1519 1476 walecthis⁴
1563 1436 1604 1476 et
1653 1448 1787 1476 vnum
1831 1435 1970 1476 bosun
2029 1435 2182 1476 traditi

458 1506 636 1548 fuerunt
662 1505 830 1548 Simoni
855 1505 903 1546 de
927 1504 1253 1559 Copmanford'.

1206 1830 1308 1871 XII.
1349 1831 1440 1880 (a).⁵

457 1958 724 2014 [QUEDAM
750 1956 1191 2009 INQUISICIONES
1215 1957 1293 1996 DE
1330 1954 1670 1998 UENACIONE
1708 1950 1767 1995 IN
1802 1954 2068 1996 FoRESTA
2101 1954 2179 1994 DE

505 2027 901 2070 ROGKINGHAM
934 2026 1214 2068 TEMPORE
1250 2025 1559 2067 WILLELMI
1594 2024 1671 2065 DE
1708 2023 2127 2078 NORHAMTON]

1058 2166 1239 2201 Balliua
1263 2165 1318 2200 de
1345 2166 1580 2200 Stanerne.

541 2256 737 2298 6Α(3(31(111;
770 2256 865 2297 die7
898 2255 1104 2296 Mercurii
1127 2255 1171 2295 in
1195 2254 1388 2295 crastino
1412 2252 1709 2306 apostolorum
1745 2250 1935 2305 Philippi
1958 2254 2000 2293 et
2039 2251 2184 2292 Iacobi

453 2346 571 2374 anno
624 2331 778 2385 rengni
830 2330 943 2384 regis
995 2329 1177 2371 Henrici
1229 2328 1450 2370 tricesimo
1502 2327 1631 2380 quod,
1685 2340 1785 2367 cum
1835 2326 2078 2368 Willelmus
2131 2326 2182 2367 (16

455 2402 713 2455 Norbampt’
746 2403 789 2441 et
822 2401 1018 2450 Rogerus
1053 2399 1104 2440 de
1137 2399 1378 2453 Tyngewyc
1410 2397 1462 2438 de
1496 2396 1667 2451 placitis
1700 2396 1752 2436 de
1777 2396 1995 2437 Stanerne
2028 2409 2182 2436 uersus

454 2471 616 2524 placita
645 2471 697 2511 de
722 2470 877 2512 Salcet'
904 2469 985 2510 iter
1018 2468 1323 2522 arripuissent,
1348 2468 1501 2508 datum
1536 2466 1617 2507 fuit
1650 2465 1833 2518 intelligi
1865 2465 2182 2518 prenominatis

454 2541 520 2582 W.
545 2543 586 2581 et
615 2540 683 2589 R„
707 2540 820 2593 quod
843 2539 1086 2580 bersatores
1109 2539 1288 2579 fuerunt
1311 2537 1355 2577 in
1379 2537 1512 2577 landa
1535 2536 1585 2577 de
1609 2534 1810 2576 Banifeld
1833 2548 1932 2575 cum
1956 2533 2181 2587 leporariis

456 2611 510 2652 ad
543 2610 907 2651 malefaciendum
941 2609 991 2649 (16
1025 2607 1260 2649 venacione
1293 2606 1460 2648 domini
1492 2605 1619 2658 regis.
1682 2604 1742 2645 Et
1774 2617 1872 2644 cum
1906 2603 2088 2656 predicti
2114 2602 2180 2644 W.

455 2683 499 2722 et
535 2681 586 2721 R.
626 2679 680 2721 ad
717 2678 895 2719 landam
940 2677 1245 2731 peruenissent
1287 2679 1328 2717 et
1371 2675 1530 2716 ibidem
1574 2673 1825 2715 insidiando
1867 2674 2183 2726 expectassent,

457 2749 640 2791 Iacobus
674 2748 725 2790 de
758 2747 993 2796 Tru-leber,
1017 2745 1271 2787 forestarius
1304 2745 1499 2786 eiusdem
1533 2743 1705 2792 balliue,
1736 2744 1778 2784 et
1811 2741 2015 2783 Matheus
2050 2741 2183 2782 frater

456 2819 563 2868 eius,
598 2817 851 2859 forestarius
886 2816 931 2857 in
958 2829 1089 2870 parco
1121 2815 1174 2856 de
1205 2815 1435 2864 Bricstok'‚
1461 2816 1677 2856 uenerunt
1708 2826 1808 2854 cum
1842 2811 2080 2853 forestariis
2112 2825 2182 2864 pe-

455 2887 618 2929 ditibus
642 2887 696 2928 ad
719 2886 981 2927 mandatum
1005 2884 1188 2938 predicti
1211 2884 1277 2926 W.
1302 2885 1352 2925 (16
1384 2883 1643 2936 Nor-hampt'
1663 2900 1671 2932 ;
1705 2884 1747 2923 et
1770 2880 1972 2921 viderunt
1994 2879 2184 2933 quinque

500 3011 506 3027 ¹
536 3010 597 3040 See
615 3018 645 3048 p.
666 3009 704 3039 14
724 3007 840 3039 above.
1398 3006 1408 3022 '³
1433 3005 1551 3036 Forest
1584 3002 1819 3042 Proceediwzqs,
1852 3001 2023 3040 Treasury
2053 3000 2090 3039 of
2120 3000 2180 3030 Re-

500 3056 511 3070 2'
536 3055 576 3083 28
595 3052 688 3091 April
708 3054 802 3083 1253.
1352 3049 1449 3089 ceipt,
1468 3049 1531 3079 No.
1550 3049 1602 3079 63.
1650 3046 1759 3077 These
1785 3055 1842 3076 are
1869 3054 1963 3075 some
1988 3046 2021 3075 of
2048 3043 2106 3074 the
2132 3043 2182 3073 in-

500 3099 511 3113 3
538 3097 598 3127 See
617 3107 647 3135 p.
669 3098 718 3131 12,
737 3098 816 3126 note
836 3095 885 3124 14.
1353 3093 1536 3132 quisitions
1554 3100 1645 3130 upon
1666 3089 1777 3121 which
1796 3089 1854 3120 the
1873 3087 1953 3119 rolls
1970 3088 2005 3118 of
2029 3087 2087 3118 the
2105 3096 2181 3126 eyre

502 3144 510 3159 ⁴
537 3140 608 3170 The
626 3139 766 3178 reading
791 3140 824 3169 of
850 3138 920 3168 this
947 3137 1035 3168 word
1062 3137 1089 3168 is
1116 3136 1283 3168 doubtful.
1354 3138 1388 3167 of
1405 3137 1495 3167 June
1514 3137 1597 3165 1255
1616 3144 1700 3165 were
1718 3132 1831 3164 based.
1867 3133 1928 3163 See
1946 3141 2000 3170 pp.
2019 3132 2058 3160 27
2077 3134 2111 3161 to
2130 3132 2181 3160 38.

457 3184 530 3214 'she
550 3184 619 3214 MS.
640 3185 667 3213 is
685 3183 787 3213 much
806 3191 896 3213 worn
915 3182 1004 3212 here.
1399 3183 1409 3197 ⁶
1436 3182 1497 3210 >See
1514 3189 1545 3218 p.
1564 3181 1614 3209 28,
1796 3179 1803 3193 ⁷
1831 3178 1849 3205 2
1868 3176 1946 3214 May
1965 3175 2060 3205 1246.
