2421 3529
228 709 399 740 preceptum

228 744 281 766 est.

227 847 256 877 vj
271 854 365 873 marce

225 887 253 904 m
258 889 331 905 merl-

225 921 258 939 co
263 916 329 940 rdie.

224 1193 303 1218 alibi.

224 1337 331 1361 miseri-

223 1371 326 1396 cerdic.

221 1543 297 1568 alibi.

222 1676 329 1700 miseri-

221 1710 324 1735 σοι-(119.

219 2066 296 2091 alibi.

220 2106 329 2124 miseri-

219 2134 323 2159 cordie.

465 228 525 273 23
719 238 1023 273 snmorroxs
1059 238 1198 273 FROM
1234 238 1336 273 THE
1372 240 1563 276 FOREST
1599 240 1737 275 EYRE
1774 242 1933 278 ROLLs

464 351 643 394 fuerunt
665 352 884 405 quendam
915 352 1166 395 brokettum
1199 352 1391 406 fugando
1424 367 1524 395 eum
1556 353 1673 395 ultra
1705 367 1867 408 aquam
1897 369 1998 397 cum
2021 355 2191 398 duobus

463 421 691 475 leporariis
723 436 859 476 usque
881 422 1032 464 villam
1061 421 1222 464 Offord’
1264 422 1433 477 Cluny3
1468 424 1510 465 et
1544 423 1705 465 ibidem
1735 423 1882 477 ipsum
1916 426 2126 479 ceperunt
2147 426 2190 467 et

464 490 610 543 ipsum
634 505 782 532 secum
814 494 1156 545 asportauerunt
1188 491 1410 545 integrum
1443 495 1559 534 retro
1581 492 1696 534 vltra
1727 507 1902 547 aquam.
1963 494 2024 536 Et
2046 494 2190 536 dictus

463 559 682 600 Henricus
705 560 824 601 obiit.
886 560 946 601 Et
977 559 1226 601 convictum
1249 562 1314 602 est
1336 574 1413 614 per
1435 560 1664 603 viridarios
1688 561 1802 614 quod
1825 561 1987 617 [dictus
2009 563 2186 616 ignotus

461 627 719 684 vocabatur]
740 629 748 651 ¹
765 629 961 682 Rogerus
976 628 1182 678 Venator,
1200 629 1274 682 qui
1290 629 1422 671 habet
1437 632 1601 671 terram
1616 630 1733 684 apud
1750 630 1974 682 Bukeden‚
1989 631 2072 673 11111
2087 645 2185 673 cum

462 711 526 739 eo.
588 697 649 739 Et
682 700 938 751 preceptum
971 700 1035 739 est
1067 698 1310 740 vicecomiti
1343 699 1457 752 quod
1489 698 1727 753 distringat
1760 699 1906 754 ipsum
1937 715 2013 754 per
2045 703 2186 743 terras

461 769 541 808 etc.
577 767 691 820 quod
722 767 883 808 habeat
918 781 1018 808 eum
1053 766 1105 808 de
1138 767 1206 809 die
1241 767 1287 808 in
1326 768 1441 809 diem
1471 770 1552 810 etc.
1613 768 1673 810 Et
1703 768 1805 823 quia
1841 770 1990 812 villate
2022 770 2183 813 Offord’

462 835 606 890 Cluny
633 840 700 887 (xx
723 840 776 887 s),
800 836 961 878 Offord'
985 836 1162 890 Denays
1196 840 1263 887 (xx
1287 840 1339 887 s),
1364 836 1684 879 Gummecestr’
1706 838 1762 889 (xl
1784 842 1837 890 s),
1857 840 1900 881 et
1924 839 2183 893 Brampton’

462 905 597 956 (alibi)
624 920 712 947 non
735 907 949 948 venerunt
971 905 1166 959 plenarie
1184 921 1194 955 3
1229 906 1325 948 ideo
1349 906 1395 947 in
1416 906 1728 948 misericordia.

548 975 858 1017 Presentatum
900 977 965 1016 est
1006 988 1082 1028 per
1124 975 1377 1017 forestarios
1415 978 1457 1017 et
1489 975 1719 1018 viridarios
1751 977 1866 1031 quod
1898 977 1995 1019 die²
2027 977 2184 1019 Martis

458 1044 656 1097 proxima
679 1046 781 1086 ante
804 1043 1165 1086 Purificacionem
1197 1044 1321 1087 beate
1358 1045 1498 1087 Marie
1534 1059 1651 1087 anno
1683 1046 1904 1088 tricesimo
1936 1047 2079 1100 quod3
2103 1047 2184 1088 due

459 1114 585 1155 dame
618 1116 743 1168 capte
776 1114 954 1156 fuerunt
996 1113 1042 1155 in
1083 1114 1271 1168 Sappel'.
1335 1115 1572 1168 Inquisicio
1606 1116 1722 1157 facta
1759 1116 1844 1158 fuit
1885 1130 1962 1171 per
1994 1119 2182 1170 quatuor

458 1183 632 1225 villatas
647 1183 837 1238 Rypton'
853 1183 1050 1233 Abbatis,
1069 1184 1278 1237 Magnam
1300 1184 1502 1235 Stiuecle‚
1522 1185 1751 1227 Hereford'
1771 1188 1814 1227 et
1829 1186 2018 1239 Rypton’
2037 1185 2181 1239 Regis,

457 1266 540 1306 que
562 1253 696 1294 nichil
729 1253 829 1294 inde
862 1254 1101 1307 potuerunt
1132 1253 1368 1307 inquirere.
1430 1254 1491 1296 Et
1528 1255 1630 1308 quia
1661 1255 1811 1297 villate
1845 1269 1933 1297 non
1966 1257 2181 1297 venerunt

456 1324 551 1372 etc„
575 1322 670 1364 ideo
692 1322 738 1362 in
760 1322 1072 1363 misericordia.

545 1392 854 1433 Presentatum
877 1394 941 1433 est
963 1406 1039 1445 per
1062 1391 1314 1434 forestarios
1349 1394 1391 1434 et
1420 1392 1651 1434 viridarios
1673 1393 1788 1447 quod
1822 1393 2000 1447 quidam
2024 1393 2181 1435 damus

455 1461 666 1503 inuentus
688 1461 772 1502 fuit
805 1461 1064 1502 uulneratus
1087 1461 1132 1502 in
1155 1461 1283 1503 bosco
1306 1461 1358 1502 de
1380 1462 1656 1515 Brampton’.
1718 1463 1779 1504 Et
1810 1463 2042 1517 inquisicio
2067 1464 2181 1505 facta

457 1530 539 1572 fuit
561 1545 637 1585 per
660 1533 846 1584 quatuor
861 1530 1036 1571 villatas
1059 1531 1333 1584 Brampton’,
1351 1531 1552 1581 Grafha',
1571 1531 1822 1585 Dylincton’
1839 1533 1853 1555 ⁴
1877 1534 1919 1574 et
1940 1532 2179 1586 Elyngton’

455 1614 537 1654 que
566 1600 703 1641 nichil
734 1599 835 1641 inde
869 1599 1027 1641 sciunt.
1090 1600 1151 1641 Et
1187 1600 1288 1653 quia
1320 1600 1468 1642 villate
1500 1614 1589 1642 non
1619 1603 1835 1643 venerunt
1872 1603 1982 1651 etc.;
2016 1601 2112 1644 ideo
2134 1602 2180 1643 in

454 1669 764 1711 misericordia.

541 1740 880 1780 5Presentatum
904 1741 968 1780 est
990 1752 1066 1792 per
1101 1737 1351 1780 forestarios
1374 1741 1416 1781 et
1437 1738 1668 1781 viridarios
1695 1740 1808 1794 quod
1832 1740 2018 1794 quedam
2041 1740 2181 1783 bestia

454 1811 582 1862 capta
605 1809 688 1850 fuit
712 1809 791 1850 sub
813 1809 1045 1862 Wauberg’
1069 1807 1192 1849 cuius
1215 1808 1427 1850 intestina
1458 1808 1643 1851 inuenta
1666 1810 1845 1851 fuerunt
1868 1809 1914 1850 in
1946 1824 2077 1863 parco
2100 1811 2180 1851 sub

452 1878 685 1931 Wauberg'
721 1892 796 1932 per
830 1877 1082 1919 forestarios
1114 1877 1295 1931 pedites,
1330 1877 1506 1928 scilicet,
1539 1878 1779 1920 Robertum
1815 1879 1866 1920 de
1902 1879 2101 1932 Skipton’
2137 1882 2180 1921 et

452 1947 690 1989 Ricardum
712 1948 750 1989 le
773 1948 959 2001 Waleys.
1023 1947 1259 2000 Inquisicio
1283 1947 1398 1988 facta
1430 1947 1513 1988 11111
1544 1961 1620 2001 per
1642 1947 1815 1989 villatas
1848 1948 2180 2002 propinquiores

452 2016 702 2067 Alcumbir’‚
727 2016 894 2067 Wolfie,
918 2016 1115 2058 Elinton'
1141 2019 1182 2058 et
1205 2016 1463 2070 Brampton'
1488 2016 1563 2070 qui
1584 2016 1721 2057 nichil
1753 2017 1872 2058 aliud
1893 2017 1994 2060 inde
2018 2017 2177 2059 sciunt.

452 2085 512 2128 Et
535 2086 637 2139 quia
659 2086 806 2128 villate
827 2100 917 2128 non
939 2088 1155 2128 venerunt
1178 2088 1259 2127 etc.
1281 2101 1290 2135 ;
1324 2086 1420 2127 ideo
1443 2085 1489 2126 in
1511 2085 1824 2128 misericordia.

540 2157 554 2180 ⁶
569 2156 878 2198 Presentatum
901 2158 966 2197 est
988 2170 1063 2209 per
1087 2155 1337 2197 forestarios
1361 2157 1402 2197 et
1425 2155 1655 2197 viridarios
1679 2156 1792 2209 quod
1816 2155 2041 2199 Galfridus
2063 2156 2179 2198 filius

454 2225 669 2279 Stephani
705 2225 840 2280 Swyft
873 2225 1083 2266 inuentus
1113 2225 1195 2266 fuit
1222 2225 1267 2266 in
1296 2225 1413 2278 haya
1437 2224 1602 2266 domini
1633 2225 1746 2279 regis
1777 2225 1827 2267 de
1850 2226 2049 2279 Waberg’
2078 2226 2146 2268 die
2165 2227 2178 2250 ⁷

451 2295 577 2337 Lune
599 2295 796 2349 proxima
819 2298 922 2337 ante
955 2295 1117 2336 festum
1150 2294 1291 2336 sancti
1323 2294 1536 2336 Iohannis
1573 2295 1773 2348 Baptiste
1807 2309 1925 2337 anno
1957 2296 2178 2338 tricesimo

452 2365 642 2406 secundo
679 2379 779 2406 cum
820 2378 924 2406 arcu
967 2366 1009 2406 et
1061 2364 1253 2418 quinque
1300 2364 1472 2417 sagittis
1514 2364 1724 2405 barbatis.
1801 2365 1861 2406 Et
1904 2367 2060 2419 captus
2101 2379 2178 2419 per

451 2434 717 2484 forestarios,
755 2433 932 2484 scilicet,
966 2447 1041 2487 per
1077 2433 1322 2475 Iohannem
1352 2434 1463 2474 Bere
1495 2435 1537 2475 et
1572 2434 1817 2475 Iohannem
1853 2434 2069 2484 Prentuit,
2103 2435 2177 2488 qui

452 2501 676 2543 Galfridus
711 2501 862 2542 statim
895 2500 1100 2554 cognouit
1131 2514 1175 2541 se
1208 2496 1372 2553 cepisse
1407 2501 1514 2542 duos
1545 2501 1713 2542 fetones
1746 2504 1789 2542 et
1818 2500 1914 2542 illos
1944 2501 2176 2543 tradidisse

451 2571 619 2624 Rogero
647 2570 736 2613 filio
771 2570 964 2624 Philippi
999 2571 1050 2612 de
1083 2569 1339 2611 Alcumbir'.
1401 2570 1460 2611 Et
1498 2570 1600 2624 quia
1633 2570 1812 2624 prisona
1846 2570 1898 2612 de
1926 2571 2068 2612 Hunt’
2093 2571 2176 2612 11111

452 2641 592 2682 fracta
620 2640 778 2681 ductus
812 2640 895 2681 11111
930 2640 1047 2693 apud
1084 2639 1287 2681 Herford’
1327 2641 1368 2680 et
1407 2639 1598 2680 traditus
1632 2653 1708 2694 per
1746 2639 1931 2681 ballium
1954 2640 2101 2682 villate
2124 2640 2176 2681 de

1347 2756 1441 2781 once,
1467 2756 1511 2777 an
1536 2749 1766 2778 amercement
1789 2747 1819 2778 is
1843 2746 1976 2778 written
2001 2747 2107 2778 above
2131 2747 2176 2778 its

1347 2800 1448 2821 name
1465 2791 1500 2820 in
1518 2790 1577 2821 the
1594 2791 1786 2822 enrolment
1803 2791 1837 2821 of
1861 2790 1920 2821 the
1937 2791 2010 2822 first
2035 2791 2176 2828 offence,

497 2748 503 2764 ¹
530 2747 603 2778 The
616 2747 724 2779 words
741 2747 776 2778 in
790 2746 946 2778 brackets
964 2756 1020 2777 are
1038 2745 1278 2777 interlineated

452 2792 488 2822 in
505 2791 565 2822 the
583 2791 654 2822 MS.

494 2837 505 2854 ²
530 2836 571 2866 30
588 2836 742 2874 5111111111)Ὗ
760 2834 850 2875 124ξξ.

495 2881 506 2897 ³
531 2879 615 2910 This
633 2878 723 2910 word
747 2878 776 2909 is
801 2877 948 2918 perhaps
966 2878 1100 2908 written
1126 2877 1161 2908 in
1187 2887 1278 2909 error

449 2924 501 2954 for
533 2923 725 2959 ‘secundo,⁷
752 2923 786 2952 in
811 2922 922 2953 which
956 2932 1033 2953 case
1057 2921 1115 2952 the
1141 2921 1219 2953 date
1244 2922 1277 2953 of

449 2967 507 2999 the
524 2970 673 3007 trespass
690 2966 800 2998 would
819 2966 857 2996 be
875 2967 916 2996 28
933 2966 1087 3005 January
1104 2965 1195 3007 124}

495 3014 504 3029 ⁴
529 3011 601 3042 The
618 3010 709 3042 word
726 3016 732 3027 ‘
748 3010 849 3041 alibi'
869 3010 904 3040 in
922 3009 980 3041 the
998 3009 1131 3048 margin
1156 3019 1275 3040 means

448 3055 525 3086 that
549 3055 608 3086 the
633 3056 863 3086 amereement
887 3054 916 3084 is
940 3053 1077 3084 entered
1095 3053 1275 3084 elsewhere

448 3100 482 3129 in
501 3099 559 3129 the
577 3098 650 3129 roll.
698 3098 803 3133 Thus,
822 3097 930 3128 where
956 3107 974 3128 a
991 3096 1162 3137 township
1179 3097 1208 3127 is
1225 3107 1273 3127 re>

449 3142 572 3173 eorded
598 3147 631 3174 to
658 3142 744 3173 have
772 3142 854 3172 been
880 3142 914 3171 in
941 3150 1053 3181 mercy
1071 3151 1162 3172 more
1189 3141 1273 3172 than

1347 2833 1415 2864 and
1432 2834 1491 2865 the
1509 2834 1599 2865 word
1617 2839 1623 2851 ⁸
1640 2835 1741 2866 alibi'
1759 2835 1788 2865 is
1806 2834 1973 2875 similarly
1989 2835 2124 2866 written
2141 2836 2177 2866 in

1348 2877 1405 2908 the
1420 2877 1612 2909 enrolment
1623 2879 1657 2909 01
1675 2878 1883 2918 subsequent
1897 2879 2056 2910 offences.
2081 2879 2176 2916 Now,

1347 2932 1384 2952 as
1401 2921 1594 2960 Dillington
1612 2921 1675 2953 has
1692 2925 1752 2954 not
1771 2922 1930 2953 occurred
1955 2922 2078 2959 before,
2096 2923 2122 2953 it
2147 2923 2176 2954 is

1347 2965 1508 3004 probable
1525 2965 1602 2996 that
1619 2965 1677 2997 the
1696 2971 1702 2983 ⁴
1718 2965 1798 2997 alibi
1814 2967 1820 2980 '
1839 2965 1918 2997 here
1936 2967 2040 2997 refers
2064 2969 2100 2997 to
2117 2966 2175 2997 the

1345 3009 1435 3040 word
1453 3014 1459 3025 ‘
1474 3009 1680 3040 Edelinton’
1699 3020 1742 3041 011
1759 3009 1818 3041 the
1835 3010 2018 3050 preceding
2034 3020 2129 3051 page.

1388 3055 1399 3070 ³
1426 3053 1487 3084 See
1504 3063 1535 3092 p.
1554 3055 1606 3084 74.

1388 3098 1399 3113 ‘²
1425 3096 1486 3127 See
1505 3106 1535 3136 p.
1554 3098 1606 3128 75.

1388 3143 1395 3158 ⁷
1422 3141 1462 3171 22
1480 3141 1568 3171 June
1587 3142 1680 3173 1248.
