2421 3529
472 230 565 275 105
947 235 1133 271 sELECT
1168 235 1358 269 Fonnsr
1394 233 1744 277 INQUIsITIONs

558 353 639 393 Per
663 351 807 393 breue.
869 349 1015 391 Abbas
1038 350 1089 391 de
1111 349 1244 401 Burg’
1270 347 1411 390 sancti
1433 346 1552 389 Petri
1574 346 1674 388 fecit
1703 359 1856 400 capere
1878 345 1924 386 in
1955 346 2117 387 foresta
2139 344 2191 387 de

470 421 686 474 Rokingh'
725 420 771 460 in
808 420 1008 473 Augusto
1049 431 1166 460 anno
1202 418 1353 459 eodem
1390 418 1478 459 tres
1521 416 1672 458 damos
1715 418 1756 458 et
1794 429 1930 457 vnum
1961 415 2192 457 broketum

472 490 591 532 danii
614 490 665 531 de
688 489 800 530 dono
824 487 991 529 domini
1012 487 1138 540 regis.

560 559 642 599 Per
684 558 828 598 breue.
910 555 1127 596 Dominus
1176 553 1421 596 Willelmus
1474 554 1525 594 de
1567 553 1825 607 Wasteneys
1876 553 1990 606 cepit
2041 552 2191 594 eodem

472 630 667 680 tempore
701 626 755 667 ad
778 638 886 678 opus
909 623 1075 665 domini
1098 623 1307 665 Gileberti
1341 622 1392 664 de
1418 622 1607 675 Segraue
1641 623 1749 664 duos
1786 623 1937 663 damos
1969 622 2020 664 (16
2053 622 2192 663 (10110ι

473 695 640 737 domini
662 694 775 747 regis
798 694 843 733 in
866 693 1019 734 eadem
1041 693 1217 733 foresta.

560 764 705 806 Abbas
737 763 918 805 Westm’
952 761 1064 814 cepit
1096 761 1141 801 in
1174 761 1325 802 eadem
1358 760 1519 802 foresta
1551 774 1687 801 vnum
1729 774 1912 801 zourum
1945 759 2061 801 cerui
2095 772 2195 800 cum

473 832 700 886 leporariis
716 831 806 873 suis
821 831 913 872 die²
938 829 1118 873 Sabbati
1140 829 1338 884 proxima
1352 831 1450 883 post
1466 829 1814 871 Decollacionem
1829 828 1970 870 sancti
1983 828 2196 870 Iohannis

472 901 671 955 Baptiste
694 914 809 942 anno
832 899 998 942 eodem.

562 970 643 1011 Per
677 970 822 1010 breue.
886 969 1009 1009 Idem
1032 968 1165 1010 abbas
1188 967 1301 1021 cepit
1327 981 1464 1009 vnum
1486 967 1667 1009 damum
1691 966 1736 1008 in
1759 967 1897 1009 Bulex
1919 966 2016 1009 die3
2037 965 2195 1008 Martis

472 1039 670 1093 proxima
691 1040 789 1092 post
812 1037 1105 1079 Natiuitatem
1129 1038 1278 1079 sancte
1300 1036 1439 1078 Marie
1461 1050 1578 1078 anno
1600 1036 1765 1078 eodem.

562 1109 644 1149 Per
694 1108 842 1149 breue.
926 1107 1167 1148 Venatores
1220 1105 1386 1147 domini
1422 1105 1629 1148 Willelmi
1666 1106 1717 1147 de
1759 1105 1934 1148 Valenc’
1988 1105 2198 1159 ceperunt

474 1177 625 1219 eodem
662 1177 857 1230 tempore
898 1175 944 1216 in
987 1175 1140 1218 eadem
1177 1175 1339 1217 foresta
1380 1188 1517 1216 vnum
1560 1174 1740 1216 damum
1784 1175 1835 1217 de
1878 1174 1991 1217 dono
2032 1173 2199 1217 domini

474 1245 600 1300 regis.

562 1315 643 1355 Per
680 1314 826 1356 breue.
889 1312 1106 1355 Dominus
1142 1312 1359 1354 Robertus
1401 1313 1558 1354 Basset
1600 1312 1713 1366 cepit
1755 1312 1801 1353 in
1843 1312 1994 1355 eadem
2037 1313 2201 1354 foresta

475 1384 625 1426 eodem
648 1385 842 1437 tempore
865 1383 910 1424 in
933 1382 1199 1436 pinguedine
1229 1382 1337 1423 duos
1359 1381 1512 1423 damos
1535 1381 1590 1422 ad
1622 1395 1731 1435 opus
1762 1381 1965 1434 magistri
1994 1380 2202 1425 Willelmi

475 1453 527 1495 de
550 1453 783 1506 Kilkenny,
807 1451 1106 1494 archidiaconi
1129 1451 1350 1502 Couentr’,
1375 1451 1426 1493 de
1449 1450 1590 1493 dono⁴
1613 1450 1780 1493 domini
1801 1451 1927 1505 regis.

563 1613 692 1654 Anno
723 1610 943 1654 tricesimo
976 1610 1175 1664 septimo.
1237 1609 1475 1664 Inquisicio
1507 1611 1623 1652 facta
1655 1610 1710 1652 ad
1740 1610 2042 1652 molendinum
2081 1612 2203 1653 extra

477 1680 723 1725 Wodeford’
758 1680 854 1721 die5
888 1679 1066 1722 Sabbati
1098 1679 1143 1720 in
1177 1680 1287 1721 festo
1320 1679 1461 1721 sancti
1494 1680 1731 1722 Clementis
1773 1693 1890 1721 anno
1931 1679 2054 1733 regni
2085 1680 2201 1734 regis

477 1750 660 1793 Henrici
700 1749 922 1791 tricesimo
965 1748 1151 1802 septimo
1193 1762 1342 1790 coram
1394 1748 1571 1791 domino
1623 1748 1835 1790 Mauricio
1887 1749 2119 1804 Daundely
2161 1751 2203 1792 et

477 1820 666 1862 Ricardo
701 1819 752 1860 de
786 1818 1065 1867 Audewincl’,
1089 1817 1324 1867 viridariis,
1358 1820 1400 1859 et
1432 1818 1631 1859 Iohanne
1676 1817 1920 1872 Spigurnel,
1960 1819 2204 1869 forestario,

478 1904 554 1944 per
587 1890 775 1942 quatuor
806 1888 983 1929 villatas
1014 1887 1280 1938 Wodeford',
1314 1887 1459 1941 Islep',
1494 1887 1708 1937 Twiwell’,
1742 1888 1942 1941 Slipton’,
1966 1888 2202 1942 Adington'

479 1960 521 2000 et
563 1958 847 2011 Irtlingburg'
893 1970 989 2010 que,
1033 1956 1189 2006 iurate,
1233 1957 1385 1998 dicunt
1427 1971 1503 2010 per
1550 1958 1875 1998 sacramentum
1918 1971 2048 1999 suum
2091 1958 2206 2011 quod

480 2027 680 2069 homines
704 2025 874 2068 comitis
897 2026 948 2067 de
970 2026 1092 2067 Ferr’
1117 2025 1214 2067 (1166
1237 2026 1376 2067 sancti
1392 2025 1620 2067 Edmundi
1638 2026 1688 2067 de
1704 2026 1920 2068 Pontania
1939 2027 2206 2080 fugauerunt

482 2110 619 2138 vnum
651 2095 903 2136 brokettum
946 2094 1065 2136 dami
1107 2094 1223 2136 infra
1254 2095 1502 2136 libertatem
1545 2108 1681 2148 usque
1724 2095 1778 2136 ad
1820 2096 2009 2148 aquam⁷
2051 2096 2206 2137 subtus

482 2164 746 2208 Wodeford‘.
807 2164 868 2204 Et
901 2163 1128 2204 brokettus
1160 2163 1220 2204 ibi
1252 2163 1461 2205 transiuit
1493 2177 1653 2217 aquam
1691 2166 1733 2206 et
1764 2163 1928 2206 resistit
1950 2164 1995 2205 in
2018 2164 2207 2218 quodam

484 2232 700 2275 butimine
722 2233 843 2273 extra
865 2231 1129 2281 Wodeford',
1153 2233 1194 2272 et
1216 2231 1277 2273 ibi
1299 2231 1541 2273 custoditus
1564 2231 1646 2273 fuit
1668 2246 1744 2286 per
1766 2232 1963 2274 villatam
1985 2247 2209 2287 quousque

485 2302 699 2344 Ricardus
723 2300 773 2342 de
796 2299 1084 2350 Audewincle‚
1108 2299 1355 2350 viridarius‚
1378 2300 1498 2342 venit
1520 2301 1562 2343 et
1584 2314 1660 2355 per
1681 2300 1827 2355 ipsum
1848 2302 1891 2343 et
1912 2315 1988 2355 per
2010 2301 2208 2344 villatam

487 2371 645 2412 ductus
668 2369 751 2412 fuit
773 2369 828 2412 ad
851 2370 1057 2411 forestam
1081 2369 1230 2411 saluus
1253 2371 1295 2411 et
1318 2382 1465 2411 sanus.

579 2593 662 2635 Per
696 2593 841 2634 breue.
902 2590 1167 2633 Edmundus
1205 2591 1257 2633 de
1289 2591 1431 2645 Lascy
1462 2591 1574 2646 cepit
1615 2591 1661 2633 in
1703 2591 1866 2634 balliua
1907 2592 1959 2634 (16
2000 2592 2129 2634 firma
2161 2592 2212 2634 de

488 2663 705 2705 Brixstok'
731 2662 822 2703 (1168
845 2661 1001 2703 Martis
1022 2661 1219 2715 proxima
1237 2663 1339 2703 ante
1354 2662 1516 2702 festum
1534 2661 1675 2703 sancti
1691 2661 1914 2704 Valentini
1932 2675 2047 2704 anno
2062 2661 2212 2704 eodem

538 2806 545 2823 ¹
573 2804 645 2835 The
669 2803 751 2844 king
775 2803 918 2844 granted
942 2803 1039 2835 three
1064 2803 1169 2834 bucks
1195 2805 1230 2835 to
1248 2803 1317 2835 Gil-
1431 2806 1443 2822 ὃ
1465 2803 1638 2841 Edmund,
1670 2803 1885 2844 Archbishop
1917 2804 1952 2835 of
1987 2804 2209 2844 Canterbury,

494 2849 568 2880 bert
597 2849 631 2879 of
670 2848 838 2887 Seagrave
876 2847 918 2887 by
944 2847 1062 2878 letters
1092 2848 1181 2878 close
1217 2847 1319 2879 dated
1387 2847 1465 2879 died
1482 2850 1517 2879 at
1544 2848 1660 2888 Scissy
1679 2858 1723 2879 on
1749 2849 1789 2879 1ss
1813 2849 2004 2879 November
2029 2849 2123 2885 1240,
2142 2848 2210 2879 and

494 2894 513 2923 4
528 2893 660 2931 August
672 2893 767 2922 1252.
809 2892 870 2923 See
882 2890 979 2922 Close
993 2890 1132 2928 R01166‚
1148 2901 1192 2921 m.
1208 2892 1237 2922 8.
1387 2901 1456 2923 was
1487 2891 1606 2923 buried
1634 2894 1668 2923 at
1693 2891 1863 2933 Pontigny
1887 2902 1931 2924 on
1956 2893 1997 2923 18
2021 2892 2212 2924 November

539 2937 551 2954 ²
575 2938 615 2966 31
633 2937 764 2975 August
783 2936 877 2965 1252.
1390 2936 1484 2966 1240.

539 2980 551 2997 ³
577 2980 617 3010 10
636 2979 835 3018 September
854 2979 948 3009 1252.
1433 2981 1443 2996 ⁷
1468 2977 1541 3009 The
1568 2980 1671 3010 water
1701 2977 1900 3010 mentioned
1933 2988 2001 3010 was
2033 2978 2091 3010 the
2122 2978 2209 3009 river

540 3023 550 3040 ⁴
573 3023 626 3062 By
641 3022 760 3053 letters
777 3022 879 3058 close,
894 3020 995 3053 dated
1013 3022 1054 3052 24
1072 3022 1204 3061 August
1223 3022 1317 3052 1252.
1388 3022 1473 3059 Nen,
1502 3021 1614 3053 which
1643 3024 1677 3053 at
1703 3022 1773 3054 this
1798 3022 1882 3053 time
1909 3032 1977 3053 was
2002 3032 2065 3053 one
2089 3023 2124 3053 of
2150 3021 2209 3052 the

497 3066 558 3098 See
576 3066 674 3097 Close
692 3066 768 3097 Roll
785 3066 838 3103 66,
855 3075 900 3095 m.
918 3067 948 3096 5.
1389 3065 1592 3097 boundaries
1609 3066 1643 3096 of
1660 3065 1717 3096 the
1734 3066 1839 3097 forest
1855 3066 1890 3097 of
1905 3065 2152 3105 Rockingham.

539 3112 551 3127 ⁵
574 3111 615 3140 23
629 3109 819 3141 November
838 3110 932 3140 1252.
1433 3111 1444 3127 ⁸
1470 3110 1508 3139 11
1526 3109 1700 3150 February
1718 3109 1813 3151 125}
