2421 3529
511 277 604 321 122
973 288 1160 322 sELEoT
1196 288 1386 323 FOREsT
1423 288 1776 330 1NQU1s1T10Ns

510 400 664 441 debeat
702 402 744 442 et
783 400 1029 443 cuiusmodi
1063 401 1250 443 seruicia
1291 401 1468 444 domino
1510 401 1602 455 regi
1633 400 1734 442 inde
1766 401 1907 443 facere
1950 401 2119 452 debeat,
2154 416 2230 456 per

510 471 838 511 sacramentum
874 502 882 511 .
919 503 929 512 .
965 503 975 512 .
1012 503 1020 512 .
1042 486 1050 520 ;
1087 471 1161 524 qui
1204 470 1355 511 dicunt
1399 484 1529 523 super
1573 471 1901 511 sacramentum
1945 484 2075 512 suum
2116 471 2230 524 quod

508 538 729 592 predictus
752 539 973 581 Iohannes
996 539 1112 580 filius
1136 539 1294 593 Nigelli
1317 541 1437 580 tenet
1460 539 1554 580 iure
1577 538 1842 580 hereditario
1865 539 1916 580 de
1940 538 2117 581 domino
2132 554 2231 593 rege

509 608 720 650 balliuam
744 609 884 650 tocius
907 610 1066 650 foreste
1084 608 1252 650 domini
1273 608 1388 662 regis
1412 608 1463 649 de
1485 608 1738 658 Bernwode‚
1759 607 1936 658 scilicet,
1960 622 1984 650 a
2006 609 2048 650 la
2073 609 2230 661 Stony-

509 677 629 718 forde
651 692 784 731 vsque
807 678 862 719 ad
885 678 1123 731 quamdam
1146 691 1307 731 aquam
1325 691 1407 730 que
1424 679 1607 719 vocatur
1630 677 1672 719 la
1689 677 1839 719 Burne
1862 692 1944 731 que
1959 677 2095 719 currit
2117 677 2232 719 inter

513 746 659 800 Stepel
682 747 919 800 Cleyndon'
945 749 987 788 et
1010 747 1254 801 Padebury.

599 817 659 858 Et
682 816 813 857 habet
838 816 889 858 de
912 816 1005 858 iure
1028 816 1204 858 racione
1226 815 1419 869 predicte
1441 814 1601 857 balliue
1624 814 1952 869 cheminagium
1984 829 2060 869 per
2093 817 2232 857 totam

512 885 755 939 predictam
778 885 1002 927 balliuam.

600 955 722 995 Idem
745 954 877 996 habet
900 957 942 996 et
965 955 1016 996 de
1038 955 1131 996 iure
1154 954 1314 996 habere
1337 954 1462 996 debet
1480 968 1555 1008 per
1570 953 1812 1008 predictam
1829 953 2039 996 balliuam
2062 954 2235 996 racione

512 1023 707 1065 eiusdem
739 1023 898 1065 balliue
935 1024 1054 1077 ligna
1085 1026 1306 1078 prostrata
1338 1038 1414 1077 per
1446 1026 1643 1074 ventum,
1680 1024 1794 1077 quod
1836 1023 2015 1077 quidam
2056 1025 2236 1065 vocatur

513 1092 721 1142 chableiZ,
738 1094 779 1133 et
794 1093 875 1134 hoc
898 1093 944 1133 in
966 1094 1108 1134 forma
1124 1092 1385 1147 subscripta,
1410 1092 1585 1142 scilicet,
1610 1093 1724 1146 quod
1748 1092 1784 1133 si
1805 1094 1962 1134 ventus
1984 1094 2236 1146 prosternat

513 1176 599 1203 vna
621 1164 747 1203 nocte
768 1162 839 1202 uel
861 1176 946 1203 vno
970 1162 1037 1203 die
1061 1162 1208 1203 decem
1230 1162 1349 1215 ligna
1382 1162 1586 1203 dominus
1618 1176 1691 1203 rex
1723 1176 1772 1203 ea
1805 1161 1953 1203 omnia
1975 1161 2167 1211 habebit,
2199 1161 2236 1202 si

513 1232 661 1271 autem
675 1232 831 1272 ventus
846 1233 1096 1284 prosternat
1114 1245 1200 1272 vna
1214 1233 1340 1272 nocte
1363 1231 1432 1272 uel
1449 1245 1534 1272 vno
1552 1231 1619 1273 die
1641 1230 1789 1272 minus
1804 1244 1935 1284 quam
1953 1231 2101 1273 decem
2117 1230 2237 1284 ligna

512 1299 733 1352 predictus
756 1299 977 1340 Iohannes
999 1299 1116 1341 filius
1139 1299 1296 1353 Nigelli
1318 1299 1495 1341 habebit
1519 1314 1569 1341 ea
1592 1300 1754 1342 omnia.

601 1369 714 1410 Item
736 1368 851 1409 idem
872 1369 1092 1410 Iohannes
1107 1369 1242 1411 habet
1257 1369 1432 1410 racione
1447 1369 1643 1410 eiusdem
1659 1368 1819 1411 balliue
1834 1383 1985 1411 omnes
2001 1382 2237 1423 coporones

513 1440 555 1479 et
594 1439 756 1479 zuchas
780 1438 831 1479 de
854 1438 1057 1480 omnibus
1080 1438 1211 1491 lignis
1244 1452 1325 1492 que
1358 1438 1564 1479 dominus
1595 1453 1668 1480 rex
1701 1439 1776 1480 dat
1808 1439 1879 1481 uel
1899 1438 2048 1481 vendit
2081 1439 2151 1480 uel
2183 1438 2238 1480 ad

514 1521 623 1561 opus
646 1522 776 1549 suum
799 1507 1026 1561 proprium
1049 1508 1166 1561 capit
1188 1507 1234 1549 in
1257 1507 1461 1550 omnibus
1485 1508 1716 1550 dominicis
1733 1508 1874 1550 boscis
1890 1508 1981 1551 suis
2004 1508 2120 1550 infra
2141 1522 2236 1562 pre-

514 1577 677 1618 dictam
702 1577 925 1618 forestam.

602 1646 615 1669 1
634 1647 747 1688 Item
770 1646 885 1688 idem
908 1647 1130 1689 Iohannes
1152 1647 1285 1690 habet
1309 1647 1360 1688 de
1382 1646 1476 1689 iure
1498 1647 1672 1690 racione
1695 1647 1890 1690 eiusdem
1907 1647 2067 1690 balliue
2089 1647 2238 1690 omnia

514 1717 864 1758 attachiamenta
886 1718 928 1759 et
951 1716 1092 1758 exitus
1116 1716 1567 1760 attachiamentorum
1589 1719 1807 1759 factorum
1831 1718 1882 1760 de
1904 1717 2079 1760 minuta
2095 1717 2236 1772 spina,

514 1786 676 1828 scilicet
714 1786 764 1828 de
800 1786 878 1828 tali
913 1786 1055 1840 spina,
1079 1801 1161 1841 que
1183 1801 1274 1829 non
1305 1789 1450 1841 potest
1482 1787 1576 1841 pati
1609 1787 1825 1841 perforari
1862 1787 1914 1829 de
1946 1790 2117 1830 tarrera
2155 1801 2237 1841 que

514 1858 695 1898 vocatur
716 1856 1034 1910 Restnauegar.

602 1926 717 1967 Item
738 1926 854 1967 idem
876 1926 1009 1967 habet
1030 1927 1073 1968 et
1096 1926 1147 1968 de
1169 1925 1264 1968 iure
1285 1926 1448 1969 habere
1481 1926 1607 1969 debet
1639 1926 1815 1970 racione
1847 1926 2044 1969 eiusdem
2075 1925 2238 1968 balliue

515 1994 922 2049 retropannagium.

604 2064 717 2105 Item
749 2062 864 2105 idem
896 2063 1030 2106 habet
1052 2077 1204 2105 omnes
1237 2077 1371 2105 nuces
1403 2066 1647 2106 crescentes
1684 2064 1730 2105 in
1767 2064 1974 2107 omnibus
2009 2064 2239 2107 dominicis

514 2132 656 2175 boscis
679 2132 846 2174 domini
867 2132 981 2186 regis
1003 2147 1080 2186 per
1103 2135 1243 2175 totam
1265 2132 1508 2186 predictam
1532 2133 1756 2175 balliuam.

604 2202 717 2243 Item
739 2201 853 2243 idem
877 2201 1009 2243 habet
1032 2202 1206 2243 racione
1230 2201 1426 2243 eiusdem
1449 2202 1610 2244 balliue
1635 2205 1775 2244 totum
1798 2204 2025 2245 mortuum
2058 2202 2238 2246 boscum

517 2271 562 2313 in
586 2271 816 2312 dominicis
838 2271 979 2313 boscis
1002 2271 1169 2312 domini
1192 2270 1305 2324 regis
1328 2270 1443 2312 infra
1465 2271 1630 2313 dictam
1652 2272 1877 2314 balliuam.

605 2340 665 2381 Et
688 2340 803 2381 idem
827 2340 1048 2381 Iohannes
1071 2339 1187 2381 filius
1211 2340 1368 2393 Nigelli
1389 2342 1510 2382 tenet
1534 2341 1586 2381 de
1609 2341 1787 2383 domino
1808 2355 1909 2395 rege
1931 2356 2065 2384 Vnam
2086 2341 2239 2383 hidam

517 2413 632 2451 terre
655 2409 700 2450 in
722 2409 951 2459 Borstalle,
988 2423 1069 2463 que
1091 2411 1272 2451 vocatur
1303 2409 1495 2451 Derhide
1513 2425 1522 2459 ;
1557 2412 1599 2452 et
1630 2410 1773 2452 reddit
1805 2411 1906 2453 inde
1939 2411 2117 2453 domino
2148 2411 2240 2464 regi

517 2493 594 2534 per
618 2492 785 2520 annum
809 2478 956 2519 decem
980 2479 1154 2520 solidos.

606 2549 667 2590 Et
689 2562 767 2602 pro
785 2548 989 2589 omnibus
1012 2548 1108 2590 aliis
1130 2548 1337 2602 predictis
1369 2549 1499 2590 rebus
1522 2549 1638 2591 idem
1667 2550 1888 2592 Iohannes
1923 2550 2114 2593 custodit
2149 2551 2238 2592 bal-

517 2618 655 2659 liuam
692 2617 832 2659 tocius
865 2617 1057 2671 predicte
1099 2617 1259 2659 foreste
1291 2619 1332 2660 et
1370 2618 1572 2660 similiter
1608 2633 1687 2672 pro
1724 2619 1889 2661 eisdem
1931 2620 2060 2662 rebus
2096 2619 2239 2662 reddit

519 2687 695 2729 domino
717 2686 807 2739 regi
829 2700 904 2740 per
928 2700 1095 2728 annum
1119 2687 1412 2741 quadraginta
1435 2689 1596 2730 solidos
1618 2689 1944 2743 sterlingorum.

566 2921 573 2938 ¹
601 2920 680 2950 Two
702 2928 865 2958 passages
890 2918 1021 2949 similar
1044 2920 1078 2950 to
1096 2919 1168 2950 this
1184 2929 1284 2951 occur
1308 2919 1344 2950 in

1413 2922 1522 2952 tarere
1557 2932 1622 2961 que
1654 2925 1796 2954 uocatur
1831 2925 2051 2964 restnauegar
2063 2925 2070 2939 '
2104 2924 2240 2965 (Rotuh

521 2964 580 2995 the
596 2962 763 2994 Hundred
774 2962 879 2999 Rolls⁷
896 2963 954 2993 but
971 2962 1052 3002 they
1069 2973 1125 2994 are
1143 2963 1345 3004 incorrectly

1414 2965 1694 3003 Humiredormn,
1712 2967 1732 2998 i.
1751 2969 1804 3009 22)
1822 2978 1829 3005 ;

520 3007 657 3048 printed
669 3007 703 3036 in
718 3006 840 3037 Rotzcli
856 3006 1137 3037 Hzmclredorum.
1185 3007 1257 3038 The
1270 3010 1345 3039 true

521 3051 678 3090 readings
695 3060 750 3081 are
768 3060 805 3081 as
822 3050 952 3081 follows
968 3060 974 3081 :

566 3096 674 3126 ‘Item
709 3094 750 3124 de
789 3094 954 3124 subbosco
990 3093 1215 3133 intelligimus
1254 3094 1345 3134 quod

521 3139 653 3170 minute
672 3138 770 3178 spine
786 3137 960 3176 pertinent
978 3137 1019 3168 ad
1046 3148 1143 3168 suam
1169 3138 1345 3176 ballfflam,

521 3193 586 3223 que
611 3192 679 3214 non
704 3184 850 3222 possunt
875 3181 1041 3213 sustinere
1066 3183 1219 3213 foramen
1245 3183 1346 3214 unius

1414 3009 1603 3084 an‘dlbicunt
1635 3054 1724 3092 quod
1748 3054 1839 3085 idem
1863 3055 1889 3085 I.
1914 3055 2054 3086 habebit
2085 3055 2239 3086 minutas

1414 3097 1531 3135 spinas
1555 3097 1643 3134 illas,
1661 3098 1800 3135 scilicet,
1818 3109 1881 3138 que
1905 3109 1974 3130 non
1999 3102 2142 3138 possunt
2166 3099 2238 3139 pati

1415 3142 1563 3225 t2a13eram
1591 3151 1655 3181 que
1681 3144 1824 3174 uocatur
1849 3145 2074 3182 restnaweger
2091 3143 2188 3184 (ibid.
2215 3143 2238 3173 i.

1439 3184 1457 3215 6
1476 3208 1482 3214 .
